<?xml version="1.0" encoding="UTF-8"?>
<!DOCTYPE html PUBLIC "-//W3C//DTD XHTML 1.0 Transitional//EN"
    "http://www.w3.org/TR/xhtml1/DTD/xhtml1-transitional.dtd">
<html xmlns="http://www.w3.org/1999/xhtml" xml:lang="en" lang="en">
 <head>
  <title>
</title>
<meta http-equiv="Content-Type" content="text/html;charset=utf-8" />
  <meta name='ocr-system' content='tesseract 3.04.00' />
  <meta name='ocr-capabilities' content='ocr_page ocr_carea ocr_par ocr_line ocrx_word'/>
</head>
<body>
  <div class='ocr_page' id='page_1' title='image "./ingalenideplaci00kalbgoog_0047.png"; bbox 0 0 2956 4942; ppageno 0'>
   <div class='ocr_carea' id='block_1_1' title="bbox 713 335 928 400">
    <p class='ocr_par' dir='ltr' id='par_1_1' title="bbox 713 335 928 400">
     <span class='ocr_line' id='line_1_1' title="bbox 713 335 928 400; baseline 0.019 -22"><span class='ocrx_word' id='word_1_1' title='bbox 713 335 928 400; x_wconf 68' lang='lat'>..40-</span> 
     </span>
    </p>
   </div>
   <div class='ocr_carea' id='block_1_2' title="bbox 727 610 911 677">
    <p class='ocr_par' dir='ltr' id='par_1_2' title="bbox 727 610 911 677">
     <span class='ocr_line' id='line_1_2' title="bbox 727 610 911 677; baseline 0.005 -1"><span class='ocrx_word' id='word_1_2' title='bbox 727 610 911 677; x_wconf 86' lang='lat' dir='ltr'>XXXIII.</span> 
     </span>
    </p>
   </div>
   <div class='ocr_carea' id='block_1_3' title="bbox 230 743 1411 1832">
    <p class='ocr_par' dir='ltr' id='par_1_3' title="bbox 230 743 1411 1278">
     <span class='ocr_line' id='line_1_3' title="bbox 317 743 1410 833; baseline 0.004 -23"><span class='ocrx_word' id='word_1_3' title='bbox 317 749 409 829; x_wconf 77' lang='lat'>602,5</span> <span class='ocrx_word' id='word_1_4' title='bbox 426 746 467 810; x_wconf 78' lang='grc' dir='ltr'><em>τα</em></span> <span class='ocrx_word' id='word_1_5' title='bbox 489 743 519 811; x_wconf 78' lang='grc' dir='ltr'><em>δ’</em></span> <span class='ocrx_word' id='word_1_6' title='bbox 532 744 613 813; x_wconf 81' lang='grc' dir='ltr'><em>αδτᾶ</em></span> <span class='ocrx_word' id='word_1_7' title='bbox 634 759 703 826; x_wconf 84' lang='grc' dir='ltr'><em>ταῖς</em></span> <span class='ocrx_word' id='word_1_8' title='bbox 722 747 767 826; x_wconf 90' lang='grc' dir='ltr'><em>είς</em></span> <span class='ocrx_word' id='word_1_9' title='bbox 787 746 845 824; x_wconf 77' lang='grc' dir='ltr'><em>τας</em></span> <span class='ocrx_word' id='word_1_10' title='bbox 867 751 933 830; x_wconf 88' lang='grc' dir='ltr'><em>(τοῦ</em></span> <span class='ocrx_word' id='word_1_11' title='bbox 954 748 1141 833; x_wconf 78' lang='grc' dir='ltr'><em>ἐγκεφάλου)</em></span> <span class='ocrx_word' id='word_1_12' title='bbox 1158 752 1278 827; x_wconf 83' lang='grc' dir='ltr'><strong><em>κοιλίας</em></strong></span> <span class='ocrx_word' id='word_1_13' title='bbox 1297 762 1410 831; x_wconf 80' lang='grc' dir='ltr'><strong><em>τομαῖς</em></strong></span> 
     </span>
     <span class='ocr_line' id='line_1_4' title="bbox 230 853 1409 945; baseline 0.003 -24"><span class='ocrx_word' id='word_1_14' title='bbox 230 857 264 921; x_wconf 76' lang='lat' dir='ltr'><em>al</em></span> <span class='ocrx_word' id='word_1_15' title='bbox 277 853 345 920; x_wconf 77' lang='grc' dir='ltr'><em>κατ’</em></span> <span class='ocrx_word' id='word_1_16' title='bbox 359 856 462 921; x_wconf 73' lang='grc' dir='ltr'><em>αὐταῖν</em></span> <span class='ocrx_word' id='word_1_17' title='bbox 481 856 659 939; x_wconf 78' lang='grc' dir='ltr'><em>ἐργάζονται</em></span> <span class='ocrx_word' id='word_1_18' title='bbox 675 860 817 942; x_wconf 72' lang='grc' dir='ltr'><em>θλίψεις,</em></span> <span class='ocrx_word' id='word_1_19' title='bbox 840 857 879 936; x_wconf 75' lang='grc' dir='ltr'><em>ἃς</em></span> <span class='ocrx_word' id='word_1_20' title='bbox 898 856 966 924; x_wconf 75' lang='grc' dir='ltr'><em>οὐδ’</em></span> <span class='ocrx_word' id='word_1_21' title='bbox 980 858 1233 945; x_wconf 78' lang='grc' dir='ltr'><em>ἐπιτηδευόντων,</em></span> <span class='ocrx_word' id='word_1_22' title='bbox 1256 858 1338 925; x_wconf 77' lang='grc' dir='ltr'><em>α’λλοὶ</em></span> <span class='ocrx_word' id='word_1_23' title='bbox 1357 862 1409 925; x_wconf 88' lang='grc' dir='ltr'><em>καὶ</em></span> 
     </span>
     <span class='ocr_line' id='line_1_5' title="bbox 230 965 1410 1054; baseline 0.003 -23"><span class='ocrx_word' id='word_1_24' title='bbox 230 967 313 1031; x_wconf 80' lang='grc' dir='ltr'><em>πάνυ</em></span> <span class='ocrx_word' id='word_1_25' title='bbox 335 969 575 1050; x_wconf 74' lang='grc' dir='ltr'><em>φυλαττομένων</em></span> <span class='ocrx_word' id='word_1_26' title='bbox 596 965 720 1053; x_wconf 86' lang='grc' dir='ltr'><em>δριῦμεν</em></span> <span class='ocrx_word' id='word_1_27' title='bbox 742 969 838 1033; x_wconf 80' lang='grc' dir='ltr'><em>ἐνίοτε</em></span> <span class='ocrx_word' id='word_1_28' title='bbox 859 975 1021 1053; x_wconf 84' lang='grc' dir='ltr'><em>γινομένας</em></span> <span class='ocrx_word' id='word_1_29' title='bbox 1035 968 1089 1034; x_wconf 79' lang='grc' dir='ltr'><em>ἐπὶ</em></span> <span class='ocrx_word' id='word_1_30' title='bbox 1111 977 1175 1035; x_wconf 84' lang='grc' dir='ltr'><em>τιῦν</em></span> <span class='ocrx_word' id='word_1_31' title='bbox 1192 970 1410 1054; x_wconf 79' lang='grc' dir='ltr'><em>α’νατιτρα-</em></span> 
     </span>
     <span class='ocr_line' id='line_1_6' title="bbox 230 1075 1411 1165; baseline 0.003 -23"><span class='ocrx_word' id='word_1_32' title='bbox 230 1082 361 1160; x_wconf 86' lang='grc' dir='ltr'><em>μένων</em></span> <span class='ocrx_word' id='word_1_33' title='bbox 391 1079 519 1160; x_wconf 82' lang='lat' dir='ltr'>(sicH3</span> <span class='ocrx_word' id='word_1_34' title='bbox 552 1075 889 1164; x_wconf 76' lang='grc' dir='ltr'><em>α’νατετραμένων</em></span> <span class='ocrx_word' id='word_1_35' title='bbox 914 1081 966 1160; x_wconf 90' lang='grc' dir='ltr'><em>Μ;</em></span> <span class='ocrx_word' id='word_1_36' title='bbox 998 1076 1339 1165; x_wconf 77' lang='grc' dir='ltr'><em>α’νατιτρωμένων</em></span> <span class='ocrx_word' id='word_1_37' title='bbox 1362 1083 1411 1161; x_wconf 90' lang='grc' dir='ltr'><em>Α)</em></span> 
     </span>
     <span class='ocr_line' id='line_1_7' title="bbox 231 1185 1117 1278; baseline 0.005 -24"><span class='ocrx_word' id='word_1_38' title='bbox 231 1186 424 1272; x_wconf 69' lang='grc' dir='ltr'><em>ανθρώπων,</em></span> <span class='ocrx_word' id='word_1_39' title='bbox 447 1185 522 1254; x_wconf 77' lang='grc' dir='ltr'><em>ὅταν</em></span> <span class='ocrx_word' id='word_1_40' title='bbox 539 1191 578 1255; x_wconf 81' lang='grc' dir='ltr'><em>τολ</em></span> <span class='ocrx_word' id='word_1_41' title='bbox 595 1197 652 1277; x_wconf 78' lang='grc' dir='ltr'><em>τῆς</em></span> <span class='ocrx_word' id='word_1_42' title='bbox 670 1193 809 1278; x_wconf 82' lang='grc' dir='ltr'><strong><em>κεφαλῆς</em></strong></span> <span class='ocrx_word' id='word_1_43' title='bbox 831 1187 910 1256; x_wconf 79' lang='grc' dir='ltr'><em>δστιῐ</em></span> <span class='ocrx_word' id='word_1_44' title='bbox 932 1199 1117 1275; x_wconf 79' lang='grc' dir='ltr'><em>καταγωσιν.</em></span> 
     </span>
    </p>

    <p class='ocr_par' dir='ltr' id='par_1_4' title="bbox 230 1299 1411 1832">
     <span class='ocr_line' id='line_1_8' title="bbox 316 1299 1411 1387; baseline 0.002 -23"><span class='ocrx_word' id='word_1_45' title='bbox 316 1299 507 1365; x_wconf 77' lang='lat' dir='ltr'>Rectissime</span> <span class='ocrx_word' id='word_1_46' title='bbox 521 1303 554 1365; x_wconf 90' lang='lat' dir='ltr'><em>in</em></span> <span class='ocrx_word' id='word_1_47' title='bbox 568 1301 603 1365; x_wconf 94' lang='lat' dir='ltr'><strong>H</strong></span> <span class='ocrx_word' id='word_1_48' title='bbox 618 1302 737 1385; x_wconf 83' lang='lat' dir='ltr'>legitur</span> <span class='ocrx_word' id='word_1_49' title='bbox 749 1299 1016 1387; x_wconf 77' lang='grc' dir='ltr'><em>α’νατιτραμένων;</em></span> <span class='ocrx_word' id='word_1_50' title='bbox 1033 1324 1136 1386; x_wconf 90' lang='lat' dir='ltr'>neque</span> <span class='ocrx_word' id='word_1_51' title='bbox 1152 1305 1236 1368; x_wconf 89' lang='lat' dir='ltr'>euim</span> <span class='ocrx_word' id='word_1_52' title='bbox 1251 1302 1411 1368; x_wconf 81' lang='lat' dir='ltr'>vulnerati</span> 
     </span>
     <span class='ocr_line' id='line_1_9' title="bbox 230 1411 1411 1500; baseline 0.003 -25"><span class='ocrx_word' id='word_1_53' title='bbox 230 1411 375 1477; x_wconf 89' lang='lat' dir='ltr'>homines</span> <span class='ocrx_word' id='word_1_54' title='bbox 408 1432 503 1476; x_wconf 89' lang='lat' dir='ltr'>sensu</span> <span class='ocrx_word' id='word_1_55' title='bbox 540 1420 573 1477; x_wconf 88' lang='lat' dir='ltr'>et</span> <span class='ocrx_word' id='word_1_56' title='bbox 605 1420 696 1478; x_wconf 88' lang='lat' dir='ltr'>motu</span> <span class='ocrx_word' id='word_1_57' title='bbox 736 1414 855 1497; x_wconf 82' lang='lat' dir='ltr'>privari</span> <span class='ocrx_word' id='word_1_58' title='bbox 888 1414 1039 1480; x_wconf 87' lang='lat' dir='ltr'>dicuntur</span> <span class='ocrx_word' id='word_1_59' title='bbox 1075 1415 1123 1500; x_wconf 86' lang='lat' dir='ltr'><em>(id</em></span> <span class='ocrx_word' id='word_1_60' title='bbox 1163 1415 1250 1499; x_wconf 91' lang='lat' dir='ltr'>quod</span> <span class='ocrx_word' id='word_1_61' title='bbox 1282 1415 1411 1497; x_wconf 83' lang='lat' dir='ltr'>putavit</span> 
     </span>
     <span class='ocr_line' id='line_1_10' title="bbox 230 1521 1411 1610; baseline 0.003 -24"><span class='ocrx_word' id='word_1_62' title='bbox 230 1521 421 1606; x_wconf 84' lang='lat' dir='ltr'>Muellerus,</span> <span class='ocrx_word' id='word_1_63' title='bbox 460 1525 517 1607; x_wconf 93' lang='lat' dir='ltr'><em>qui</em></span> <span class='ocrx_word' id='word_1_64' title='bbox 549 1525 676 1607; x_wconf 80' lang='lat' dir='ltr'>scripsit</span> <span class='ocrx_word' id='word_1_65' title='bbox 708 1522 1084 1610; x_wconf 76' lang='grc' dir='ltr'><em>α’νατετρωμένων),</em></span> <span class='ocrx_word' id='word_1_66' title='bbox 1118 1526 1174 1590; x_wconf 90' lang='lat' dir='ltr'>sed</span> <span class='ocrx_word' id='word_1_67' title='bbox 1209 1528 1238 1590; x_wconf 91' lang='lat' dir='ltr'>ei</span> <span class='ocrx_word' id='word_1_68' title='bbox 1271 1547 1411 1607; x_wconf 85' lang='lat' dir='ltr'>querum</span> 
     </span>
     <span class='ocr_line' id='line_1_11' title="bbox 230 1633 1411 1718; baseline 0.008 -20"><span class='ocrx_word' id='word_1_69' title='bbox 230 1633 404 1698; x_wconf 83' lang='lat' dir='ltr'>calvariem</span> <span class='ocrx_word' id='word_1_70' title='bbox 421 1635 536 1700; x_wconf 89' lang='lat' dir='ltr'>medici</span> <span class='ocrx_word' id='word_1_71' title='bbox 558 1636 731 1718; x_wconf 86' lang='lat' dir='ltr'>terebrant,</span> <span class='ocrx_word' id='word_1_72' title='bbox 763 1641 800 1700; x_wconf 86' lang='lat' dir='ltr'><em>ut</em></span> <span class='ocrx_word' id='word_1_73' title='bbox 823 1656 896 1700; x_wconf 83' lang='lat' dir='ltr'>essa</span> <span class='ocrx_word' id='word_1_74' title='bbox 918 1635 1022 1701; x_wconf 82' lang='lat' dir='ltr'>fracte</span> <span class='ocrx_word' id='word_1_75' title='bbox 1044 1636 1209 1717; x_wconf 83' lang='lat' dir='ltr'>excidaut3</span> <span class='ocrx_word' id='word_1_76' title='bbox 1238 1636 1276 1701; x_wconf 83' lang='lat' dir='ltr'><em>ci.</em></span> <span class='ocrx_word' id='word_1_77' title='bbox 1302 1641 1411 1717; x_wconf 85' lang='grc'><strong>141,16</strong></span> 
     </span>
     <span class='ocr_line' id='line_1_12' title="bbox 230 1743 1411 1832; baseline 0.001 -21"><span class='ocrx_word' id='word_1_78' title='bbox 230 1743 312 1811; x_wconf 68' lang='grc' dir='ltr'><em>οὕτω</em></span> <span class='ocrx_word' id='word_1_79' title='bbox 334 1746 368 1811; x_wconf 85' lang='grc' dir='ltr'><em>δὲ</em></span> <span class='ocrx_word' id='word_1_80' title='bbox 389 1743 470 1810; x_wconf 76' lang='grc' dir='ltr'><em>κδττὶ</em></span> <span class='ocrx_word' id='word_1_81' title='bbox 490 1750 554 1810; x_wconf 79' lang='grc' dir='ltr'><em>τῶν</em></span> <span class='ocrx_word' id='word_1_82' title='bbox 576 1744 759 1831; x_wconf 73' lang='grc' dir='ltr'><em>α’νθρυίττων</em></span> <span class='ocrx_word' id='word_1_83' title='bbox 779 1745 884 1811; x_wconf 75' lang='grc' dir='ltr'><em>αὐτων</em></span> <span class='ocrx_word' id='word_1_84' title='bbox 907 1744 931 1810; x_wconf 79' lang='grc' dir='ltr'><em>α’</em></span> <span class='ocrx_word' id='word_1_85' title='bbox 938 1771 1106 1829; x_wconf 88' lang='grc' dir='ltr'><em>νατιτρα</em></span> <span class='ocrx_word' id='word_1_86' title='bbox 1114 1745 1244 1829; x_wconf 87' lang='grc' dir='ltr'><em>μένων</em></span> <span class='ocrx_word' id='word_1_87' title='bbox 1264 1752 1411 1832; x_wconf 87' lang='grc' dir='ltr'><em>φαίνεται</em></span> 
     </span>
    </p>
   </div>
   <div class='ocr_carea' id='block_1_4' title="bbox 230 1965 1413 2056">
    <p class='ocr_par' dir='ltr' id='par_1_5' title="bbox 230 1965 1413 2056">
     <span class='ocr_line' id='line_1_13' title="bbox 230 1965 1413 2056; baseline -0.001 -24"><span class='ocrx_word' id='word_1_88' title='bbox 230 1965 364 2051; x_wconf 61' lang='grc' dir='ltr'><em>βοῖλλειν,</em></span> <span class='ocrx_word' id='word_1_89' title='bbox 392 1967 649 2052; x_wconf 73' lang='grc' dir='ltr'><em>ἀναγκαζομένων</em></span> <span class='ocrx_word' id='word_1_90' title='bbox 677 1965 769 2056; x_wconf 75' lang='grc' dir='ltr'><em>ἡμῶν</em></span> <span class='ocrx_word' id='word_1_91' title='bbox 802 1968 849 2049; x_wconf 89' lang='lat' dir='ltr'><em>(id</em></span> <span class='ocrx_word' id='word_1_92' title='bbox 890 1976 939 2034; x_wconf 85' lang='lat' dir='ltr'>est</span> <span class='ocrx_word' id='word_1_93' title='bbox 971 1975 1033 2032; x_wconf 84' lang='grc' dir='ltr'><em>των</em></span> <span class='ocrx_word' id='word_1_94' title='bbox 1074 1967 1203 2050; x_wconf 82' lang='grc' dir='ltr'><em>ἰατρῶν)</em></span> <span class='ocrx_word' id='word_1_95' title='bbox 1235 1965 1413 2053; x_wconf 74' lang='grc' dir='ltr'><strong><em>ἀσφαλείας</em></strong></span> 
     </span>
    </p>
   </div>
   <div class='ocr_carea' id='block_1_5' title="bbox 231 2077 1412 2611">
    <p class='ocr_par' dir='ltr' id='par_1_6' title="bbox 231 2077 1412 2611">
     <span class='ocr_line' id='line_1_14' title="bbox 232 2077 1411 2166; baseline -0.002 -21"><span class='ocrx_word' id='word_1_96' title='bbox 232 2078 319 2146; x_wconf 71' lang='grc' dir='ltr'><em>ἕνεκα</em></span> <span class='ocrx_word' id='word_1_97' title='bbox 355 2077 428 2157; x_wconf 83' lang='grc' dir='ltr'><em>τοδς</em></span> <span class='ocrx_word' id='word_1_98' title='bbox 457 2079 662 2161; x_wconf 85' lang='grc' dir='ltr'><em>καλουμένους</em></span> <span class='ocrx_word' id='word_1_99' title='bbox 692 2079 984 2166; x_wconf 85' lang='grc' dir='ltr'><em>μηνιγγοφύλακας,</em></span> <span class='ocrx_word' id='word_1_100' title='bbox 1024 2080 1053 2145; x_wconf 86' lang='grc' dir='ltr'><em>εἰ</em></span> <span class='ocrx_word' id='word_1_101' title='bbox 1092 2084 1203 2165; x_wconf 79' lang='grc' dir='ltr'><em>βραχεῖ</em></span> <span class='ocrx_word' id='word_1_102' title='bbox 1232 2077 1411 2163; x_wconf 78' lang='grc' dir='ltr'><em>βιαιότερον</em></span> 
     </span>
     <span class='ocr_line' id='line_1_15' title="bbox 231 2187 1412 2278; baseline 0.001 -23"><span class='ocrx_word' id='word_1_103' title='bbox 231 2189 403 2275; x_wconf 76' lang='grc' dir='ltr'><em>ἐπιθλίψει</em></span> <span class='ocrx_word' id='word_1_104' title='bbox 431 2215 479 2267; x_wconf 87' lang='grc' dir='ltr'><em>τις</em></span> <span class='ocrx_word' id='word_1_105' title='bbox 500 2187 607 2268; x_wconf 76' lang='grc' dir='ltr'><em>αὐτοῖς</em></span> <span class='ocrx_word' id='word_1_106' title='bbox 628 2191 683 2256; x_wconf 89' lang='grc' dir='ltr'><em>τδν</em></span> <span class='ocrx_word' id='word_1_107' title='bbox 702 2189 886 2276; x_wconf 78' lang='grc' dir='ltr'><em>ἐγκέφαλον,</em></span> <span class='ocrx_word' id='word_1_108' title='bbox 917 2188 1110 2278; x_wconf 69' lang='grc' dir='ltr'><em>ἀναίσθητός</em></span> <span class='ocrx_word' id='word_1_109' title='bbox 1132 2214 1166 2255; x_wconf 85' lang='grc' dir='ltr'><em>τε</em></span> <span class='ocrx_word' id='word_1_110' title='bbox 1193 2191 1246 2255; x_wconf 87' lang='grc' dir='ltr'><em>καὶ</em></span> <span class='ocrx_word' id='word_1_111' title='bbox 1267 2188 1412 2276; x_wconf 77' lang='grc' dir='ltr'><em>α’κίνηιος</em></span> 
     </span>
     <span class='ocr_line' id='line_1_16' title="bbox 231 2298 1411 2389; baseline 0.001 -23"><span class='ocrx_word' id='word_1_112' title='bbox 231 2298 366 2367; x_wconf 77' lang='grc' dir='ltr'><em>ἀπασῶν</em></span> <span class='ocrx_word' id='word_1_113' title='bbox 380 2307 445 2366; x_wconf 80' lang='grc' dir='ltr'><em>τιῦν</em></span> <span class='ocrx_word' id='word_1_114' title='bbox 462 2298 536 2365; x_wconf 77' lang='grc' dir='ltr'><em>καθ’</em></span> <span class='ocrx_word' id='word_1_115' title='bbox 547 2299 648 2388; x_wconf 81' lang='grc' dir='ltr'><em>δρμην</em></span> <span class='ocrx_word' id='word_1_116' title='bbox 662 2301 809 2389; x_wconf 82' lang='grc' dir='ltr'><em>κινήσεων</em></span> <span class='ocrx_word' id='word_1_117' title='bbox 825 2298 843 2366; x_wconf 88' lang='grc' dir='ltr'><em>δ</em></span> <span class='ocrx_word' id='word_1_118' title='bbox 859 2301 1034 2384; x_wconf 77' lang='grc' dir='ltr'><em>ἄνθρωπος</em></span> <span class='ocrx_word' id='word_1_119' title='bbox 1044 2300 1263 2382; x_wconf 64' lang='lat' dir='ltr'>‹iamsi-eluat,</span> <span class='ocrx_word' id='word_1_120' title='bbox 1281 2303 1411 2369; x_wconf 83' lang='lat' dir='ltr'>Oribas.</span> 
     </span>
     <span class='ocr_line' id='line_1_17' title="bbox 231 2409 1412 2498; baseline -0.002 -20"><span class='ocrx_word' id='word_1_121' title='bbox 231 2411 285 2480; x_wconf 87' lang='lat' dir='ltr'><em>IV</em></span> <span class='ocrx_word' id='word_1_122' title='bbox 309 2416 417 2495; x_wconf 83' lang='lat'>157,10</span> <span class='ocrx_word' id='word_1_123' title='bbox 438 2412 516 2478; x_wconf 83' lang='lat' dir='ltr'>edit.</span> <span class='ocrx_word' id='word_1_124' title='bbox 538 2412 705 2478; x_wconf 79' lang='lat' dir='ltr'>Perisiuae</span> <span class='ocrx_word' id='word_1_125' title='bbox 728 2409 780 2478; x_wconf 80' lang='lat' dir='ltr'><em>a&#39;ci</em></span> <span class='ocrx_word' id='word_1_126' title='bbox 800 2412 836 2477; x_wconf 83' lang='grc' dir='ltr'><em>δὲ</em></span> <span class='ocrx_word' id='word_1_127' title='bbox 858 2411 1188 2497; x_wconf 74' lang='grc' dir='ltr'><em>α’νατιτραμένου</em></span> <span class='ocrx_word' id='word_1_128' title='bbox 1212 2417 1266 2478; x_wconf 81' lang='grc' dir='ltr'><em>τοῦ</em></span> <span class='ocrx_word' id='word_1_129' title='bbox 1287 2419 1412 2498; x_wconf 84' lang='grc' dir='ltr'><em>κρανίου</em></span> 
     </span>
     <span class='ocr_line' id='line_1_18' title="bbox 231 2521 1104 2611; baseline 0 -23"><span class='ocrx_word' id='word_1_130' title='bbox 231 2528 336 2589; x_wconf 83' lang='grc' dir='ltr'><em>στέατι</em></span> <span class='ocrx_word' id='word_1_131' title='bbox 356 2523 398 2588; x_wconf 79' lang='grc' dir='ltr'><em>τοί</em></span> <span class='ocrx_word' id='word_1_132' title='bbox 419 2523 575 2611; x_wconf 77' lang='grc' dir='ltr'><em>ψήγματα</em></span> <span class='ocrx_word' id='word_1_133' title='bbox 598 2521 886 2606; x_wconf 77' lang='grc' dir='ltr'><em>οἷναλαμβανέσθως</em></span> <span class='ocrx_word' id='word_1_134' title='bbox 911 2524 954 2589; x_wconf 91' lang='lat' dir='ltr'><em>ib.</em></span> <span class='ocrx_word' id='word_1_135' title='bbox 977 2528 1039 2588; x_wconf 88' lang='grc'><em>170</em></span> <span class='ocrx_word' id='word_1_136' title='bbox 1062 2545 1104 2589; x_wconf 86' lang='lat' dir='ltr'><em>ss.</em></span> 
     </span>
    </p>
   </div>
   <div class='ocr_carea' id='block_1_6' title="bbox 733 2812 909 2881">
    <p class='ocr_par' dir='ltr' id='par_1_7' title="bbox 733 2812 909 2881">
     <span class='ocr_line' id='line_1_19' title="bbox 733 2812 909 2881; baseline 0.006 -4"><span class='ocrx_word' id='word_1_137' title='bbox 733 2812 909 2881; x_wconf 87' lang='lat' dir='ltr'>XXXIV.</span> 
     </span>
    </p>
   </div>
   <div class='ocr_carea' id='block_1_7' title="bbox 232 2946 1414 3322">
    <p class='ocr_par' dir='ltr' id='par_1_8' title="bbox 232 2946 1414 3322">
     <span class='ocr_line' id='line_1_20' title="bbox 319 2946 1413 3036; baseline 0 -22"><span class='ocrx_word' id='word_1_138' title='bbox 319 2954 409 3031; x_wconf 83' lang='lat'><strong>596‚9</strong></span> <span class='ocrx_word' id='word_1_139' title='bbox 428 2951 581 3016; x_wconf 78' lang='grc' dir='ltr'><em>δέδεικται</em></span> <span class='ocrx_word' id='word_1_140' title='bbox 603 2999 611 3014; x_wconf 91' lang='grc'><strong>.</strong></span> <span class='ocrx_word' id='word_1_141' title='bbox 633 2998 640 3014; x_wconf 94' lang='grc'><strong><em>.</em></strong></span> <span class='ocrx_word' id='word_1_142' title='bbox 663 2948 709 3027; x_wconf 72' lang='grc' dir='ltr'><em>οἷς</em></span> <span class='ocrx_word' id='word_1_143' title='bbox 726 2946 746 3036; x_wconf 81' lang='grc' dir='ltr'><em>ἦ</em></span> <span class='ocrx_word' id='word_1_144' title='bbox 764 2957 820 3015; x_wconf 81' lang='grc' dir='ltr'><em>τοῦ</em></span> <span class='ocrx_word' id='word_1_145' title='bbox 838 2959 1058 3036; x_wconf 83' lang='grc' dir='ltr'><em>γεγεννημένου</em></span> <span class='ocrx_word' id='word_1_146' title='bbox 1077 2949 1156 3034; x_wconf 76' lang='grc' dir='ltr'><em>ζῴου</em></span> <span class='ocrx_word' id='word_1_147' title='bbox 1177 2950 1328 3036; x_wconf 84' lang='grc' dir='ltr'><em>διοίκησις</em></span> <span class='ocrx_word' id='word_1_148' title='bbox 1349 2949 1413 3014; x_wconf 81' lang='grc' dir='ltr'><em>διεδ</em></span> 
     </span>
     <span class='ocr_line' id='line_1_21' title="bbox 232 3057 598 3146; baseline 0.005 -21"><span class='ocrx_word' id='word_1_149' title='bbox 232 3063 327 3145; x_wconf 85' lang='grc' dir='ltr'><em>τριῶν</em></span> <span class='ocrx_word' id='word_1_150' title='bbox 347 3057 456 3145; x_wconf 74' lang='grc' dir='ltr'><em>α’ρχαίν</em></span> <span class='ocrx_word' id='word_1_151' title='bbox 472 3068 598 3146; x_wconf 85' lang='grc' dir='ltr'><em>γίνεται,</em></span> 
     </span>
     <span class='ocr_line' id='line_1_22' title="bbox 265 3167 1414 3241; baseline -0.001 -18"><span class='ocrx_word' id='word_1_152' title='bbox 265 3175 328 3238; x_wconf 82' lang='grc' dir='ltr'><em>μιᾶς</em></span> <span class='ocrx_word' id='word_1_153' title='bbox 350 3175 402 3239; x_wconf 82' lang='grc' dir='ltr'><em>μὲν</em></span> <span class='ocrx_word' id='word_1_154' title='bbox 419 3176 465 3238; x_wconf 76' lang='grc' dir='ltr'><em>τῆς</em></span> <span class='ocrx_word' id='word_1_155' title='bbox 488 3173 518 3222; x_wconf 80' lang='grc' dir='ltr'><em>ἐν</em></span> <span class='ocrx_word' id='word_1_156' title='bbox 535 3172 568 3238; x_wconf 76' lang='grc' dir='ltr'><em>τῇ</em></span> <span class='ocrx_word' id='word_1_157' title='bbox 591 3169 691 3241; x_wconf 79' lang='grc' dir='ltr'><em>κεφαλῇ</em></span> <span class='ocrx_word' id='word_1_158' title='bbox 708 3191 796 3235; x_wconf 83' lang='grc' dir='ltr'><em>κατῳ-</em></span> <span class='ocrx_word' id='word_1_159' title='bbox 884 3171 941 3239; x_wconf 86' lang='grc'>(15)</span> <span class='ocrx_word' id='word_1_160' title='bbox 968 3171 1061 3238; x_wconf 81' lang='grc' dir='ltr'><em>ἑτέρας</em></span> <span class='ocrx_word' id='word_1_161' title='bbox 1086 3167 1114 3221; x_wconf 83' lang='grc' dir='ltr'><em>δὲ</em></span> <span class='ocrx_word' id='word_1_162' title='bbox 1135 3171 1181 3235; x_wconf 77' lang='grc' dir='ltr'><em>τῆς</em></span> <span class='ocrx_word' id='word_1_163' title='bbox 1208 3171 1238 3221; x_wconf 79' lang='grc' dir='ltr'><em>ἐν</em></span> <span class='ocrx_word' id='word_1_164' title='bbox 1261 3173 1294 3236; x_wconf 79' lang='grc' dir='ltr'><em>τῇ</em></span> <span class='ocrx_word' id='word_1_165' title='bbox 1318 3168 1414 3240; x_wconf 83' lang='grc' dir='ltr'><em>καρδίη</em></span> 
     </span>
     <span class='ocr_line' id='line_1_23' title="bbox 232 3255 1061 3322; baseline 0 -14"><span class='ocrx_word' id='word_1_166' title='bbox 232 3260 365 3322; x_wconf 76' lang='grc' dir='ltr'><em>κταμένης,</em></span> <span class='ocrx_word' id='word_1_167' title='bbox 848 3255 1061 3321; x_wconf 72' lang='grc' dir='ltr'><em>καθιδρυμένης,</em></span> 
     </span>
    </p>
   </div>
   <div class='ocr_carea' id='block_1_8' title="bbox 266 3337 1416 3497">
    <p class='ocr_par' dir='ltr' id='par_1_9' title="bbox 266 3337 1416 3497">
     <span class='ocr_line' id='line_1_24' title="bbox 267 3337 995 3410; baseline 0 -2"><span class='ocrx_word' id='word_1_168' title='bbox 267 3337 296 3408; x_wconf 65' lang='grc' dir='ltr'><em>ἧς</em></span> <span class='ocrx_word' id='word_1_169' title='bbox 314 3343 380 3410; x_wconf 62' lang='grc' dir='ltr'><em>λεια</em></span> <span class='ocrx_word' id='word_1_170' title='bbox 883 3337 912 3406; x_wconf 64' lang='grc' dir='ltr'><em>ἢν</em></span> <span class='ocrx_word' id='word_1_171' title='bbox 930 3342 995 3410; x_wconf 64' lang='grc' dir='ltr'><em>ἔνια</em></span> 
     </span>
     <span class='ocr_line' id='line_1_25' title="bbox 266 3423 1416 3497; baseline -0.003 -18"><span class='ocrx_word' id='word_1_172' title='bbox 266 3427 331 3480; x_wconf 77' lang='grc' dir='ltr'><em>καθ’</em></span> <span class='ocrx_word' id='word_1_173' title='bbox 350 3425 448 3492; x_wconf 76' lang='grc' dir='ltr'><em>ἑαυτὴν</em></span> <span class='ocrx_word' id='word_1_174' title='bbox 464 3430 518 3494; x_wconf 84' lang='grc' dir='ltr'><em>μὲν</em></span> <span class='ocrx_word' id='word_1_175' title='bbox 534 3427 549 3494; x_wconf 80' lang='grc' dir='ltr'><strong><em>ἡ</em></strong></span> <span class='ocrx_word' id='word_1_176' title='bbox 568 3431 703 3497; x_wconf 78' lang='grc' dir='ltr'><em>φαντασία</em></span> <span class='ocrx_word' id='word_1_177' title='bbox 720 3426 797 3492; x_wconf 75' lang='grc' dir='ltr'><em>καὶῆ</em></span> <span class='ocrx_word' id='word_1_178' title='bbox 883 3425 949 3476; x_wconf 72' lang='grc' dir='ltr'><em>καθ’</em></span> <span class='ocrx_word' id='word_1_179' title='bbox 968 3423 1066 3489; x_wconf 77' lang='grc' dir='ltr'><em>ἑαυτὴν</em></span> <span class='ocrx_word' id='word_1_180' title='bbox 1084 3426 1136 3490; x_wconf 84' lang='grc' dir='ltr'><em>μὲν</em></span> <span class='ocrx_word' id='word_1_181' title='bbox 1156 3424 1171 3474; x_wconf 83' lang='grc' dir='ltr'><em>ὃ</em></span> <span class='ocrx_word' id='word_1_182' title='bbox 1189 3425 1269 3480; x_wconf 80' lang='grc' dir='ltr'><em>τόνος</em></span> <span class='ocrx_word' id='word_1_183' title='bbox 1293 3426 1350 3478; x_wconf 82' lang='grc' dir='ltr'><em>ἐστὶ</em></span> <span class='ocrx_word' id='word_1_184' title='bbox 1370 3428 1416 3491; x_wconf 80' lang='grc' dir='ltr'><em>τῆς</em></span> 
     </span>
    </p>
   </div>
   <div class='ocr_carea' id='block_1_9' title="bbox 232 3509 1417 3832">
    <p class='ocr_par' dir='ltr' id='par_1_10' title="bbox 232 3509 1417 3832">
     <span class='ocr_line' id='line_1_26' title="bbox 232 3509 1248 3580; baseline -0.006 -14"><span class='ocrx_word' id='word_1_185' title='bbox 232 3514 375 3580; x_wconf 81' lang='grc' dir='ltr'><em>μνήμη...</em></span> <span class='ocrx_word' id='word_1_186' title='bbox 382 3551 390 3573; x_wconf 88' lang='grc'><strong><em>,</em></strong></span> <span class='ocrx_word' id='word_1_187' title='bbox 849 3511 933 3580; x_wconf 76' lang='grc' dir='ltr'><em>ψυχῆς</em></span> <span class='ocrx_word' id='word_1_188' title='bbox 950 3514 995 3560; x_wconf 85' lang='grc' dir='ltr'><em>καὶ</em></span> <span class='ocrx_word' id='word_1_189' title='bbox 1011 3511 1043 3560; x_wconf 83' lang='grc' dir='ltr'><em>τὸ</em></span> <span class='ocrx_word' id='word_1_190' title='bbox 1062 3509 1248 3576; x_wconf 85' lang='grc' dir='ltr'><em>μόνιμον...,</em></span> 
     </span>
     <span class='ocr_line' id='line_1_27' title="bbox 266 3591 1416 3667; baseline -0.003 -17"><span class='ocrx_word' id='word_1_191' title='bbox 266 3601 297 3650; x_wconf 82' lang='grc' dir='ltr'><em>ἐν</em></span> <span class='ocrx_word' id='word_1_192' title='bbox 320 3595 349 3649; x_wconf 81' lang='grc' dir='ltr'><em>δὲ</em></span> <span class='ocrx_word' id='word_1_193' title='bbox 370 3602 411 3662; x_wconf 82' lang='grc' dir='ltr'><em>τῷ</em></span> <span class='ocrx_word' id='word_1_194' title='bbox 433 3597 502 3667; x_wconf 80' lang='grc' dir='ltr'><em>πρός</em></span> <span class='ocrx_word' id='word_1_195' title='bbox 523 3617 550 3649; x_wconf 84' lang='grc' dir='ltr'><em>τι</em></span> <span class='ocrx_word' id='word_1_196' title='bbox 573 3599 618 3663; x_wconf 83' lang='grc' dir='ltr'><em>τῆς</em></span> <span class='ocrx_word' id='word_1_197' title='bbox 642 3597 798 3662; x_wconf 72' lang='grc' dir='ltr'><em>αἰσθήσεως</em></span> <span class='ocrx_word' id='word_1_198' title='bbox 885 3595 994 3663; x_wconf 71' lang='grc' dir='ltr'><em>(597,ε)</em></span> <span class='ocrx_word' id='word_1_199' title='bbox 1020 3595 1051 3645; x_wconf 81' lang='grc' dir='ltr'><em>ἐν</em></span> <span class='ocrx_word' id='word_1_200' title='bbox 1074 3591 1103 3646; x_wconf 82' lang='grc' dir='ltr'><em>δὲ</em></span> <span class='ocrx_word' id='word_1_201' title='bbox 1126 3595 1166 3658; x_wconf 74' lang='grc' dir='ltr'><em>τῷ</em></span> <span class='ocrx_word' id='word_1_202' title='bbox 1188 3595 1257 3664; x_wconf 83' lang='grc' dir='ltr'><em>πρός</em></span> <span class='ocrx_word' id='word_1_203' title='bbox 1278 3616 1304 3647; x_wconf 89' lang='grc' dir='ltr'><em>τι</em></span> <span class='ocrx_word' id='word_1_204' title='bbox 1331 3594 1416 3664; x_wconf 75' lang='grc' dir='ltr'><em>ἀρχὴ</em></span> 
     </span>
     <span class='ocr_line' id='line_1_28' title="bbox 233 3677 1417 3754; baseline -0.003 -18"><span class='ocrx_word' id='word_1_205' title='bbox 233 3685 400 3754; x_wconf 69' lang='grc' dir='ltr'><em>ἡγεῖσθαι</em></span> <span class='ocrx_word' id='word_1_206' title='bbox 417 3697 524 3738; x_wconf 80' lang='grc' dir='ltr'><em>τοῖς...</em></span> <span class='ocrx_word' id='word_1_207' title='bbox 541 3686 705 3750; x_wconf 81' lang='grc' dir='ltr'><em>μέρεσι...,</em></span> <span class='ocrx_word' id='word_1_208' title='bbox 850 3694 907 3735; x_wconf 80' lang='grc' dir='ltr'><em>τοῖς</em></span> <span class='ocrx_word' id='word_1_209' title='bbox 933 3677 1004 3731; x_wconf 83' lang='grc' dir='ltr'><em>κατὰ</em></span> <span class='ocrx_word' id='word_1_210' title='bbox 1030 3682 1112 3750; x_wconf 85' lang='grc' dir='ltr'><em>μέρος</em></span> <span class='ocrx_word' id='word_1_211' title='bbox 1139 3678 1231 3731; x_wconf 79' lang='grc' dir='ltr'><em>εἶναι</em></span> <span class='ocrx_word' id='word_1_212' title='bbox 1257 3687 1417 3752; x_wconf 84' lang='grc' dir='ltr'><em>μορίοις...</em></span> 
     </span>
     <span class='ocr_line' id='line_1_29' title="bbox 850 3786 985 3832; baseline 0.022 -15"><span class='ocrx_word' id='word_1_213' title='bbox 850 3786 985 3832; x_wconf 83' lang='grc' dir='ltr'><em>κινησεως.</em></span> 
     </span>
    </p>
   </div>
   <div class='ocr_carea' id='block_1_10' title="bbox 232 3860 1419 4387">
    <p class='ocr_par' dir='ltr' id='par_1_11' title="bbox 232 3860 1419 4387">
     <span class='ocr_line' id='line_1_30' title="bbox 318 3860 1417 3950; baseline -0.005 -18"><span class='ocrx_word' id='word_1_214' title='bbox 318 3864 523 3950; x_wconf 78' lang='lat' dir='ltr'>Comparatis</span> <span class='ocrx_word' id='word_1_215' title='bbox 544 3864 648 3948; x_wconf 87' lang='lat' dir='ltr'>primo</span> <span class='ocrx_word' id='word_1_216' title='bbox 668 3870 700 3929; x_wconf 88' lang='lat' dir='ltr'>et</span> <span class='ocrx_word' id='word_1_217' title='bbox 720 3863 861 3928; x_wconf 90' lang='lat' dir='ltr'>secundo</span> <span class='ocrx_word' id='word_1_218' title='bbox 884 3863 1037 3927; x_wconf 82' lang='lat' dir='ltr'>cretionis</span> <span class='ocrx_word' id='word_1_219' title='bbox 1053 3860 1197 3925; x_wconf 91' lang='lat' dir='ltr'>membro</span> <span class='ocrx_word' id='word_1_220' title='bbox 1220 3882 1282 3925; x_wconf 88' lang='lat' dir='ltr'><em>nou</em></span> <span class='ocrx_word' id='word_1_221' title='bbox 1302 3862 1417 3928; x_wconf 86' lang='lat' dir='ltr'>dubito</span> 
     </span>
     <span class='ocr_line' id='line_1_31' title="bbox 232 3968 1416 4060; baseline -0.004 -18"><span class='ocrx_word' id='word_1_222' title='bbox 232 3978 310 4060; x_wconf 88' lang='lat' dir='ltr'>quin</span> <span class='ocrx_word' id='word_1_223' title='bbox 336 3999 400 4042; x_wconf 88' lang='lat' dir='ltr'>nen</span> <span class='ocrx_word' id='word_1_224' title='bbox 432 3984 519 4041; x_wconf 91' lang='lat' dir='ltr'>recte</span> <span class='ocrx_word' id='word_1_225' title='bbox 547 3975 724 4042; x_wconf 88' lang='lat' dir='ltr'>Muellerus</span> <span class='ocrx_word' id='word_1_226' title='bbox 758 3968 840 4040; x_wconf 88' lang='grc' dir='ltr'><em>είναι</em></span> <span class='ocrx_word' id='word_1_227' title='bbox 869 3973 951 4038; x_wconf 91' lang='lat' dir='ltr'>illud</span> <span class='ocrx_word' id='word_1_228' title='bbox 980 3971 1165 4053; x_wconf 81' lang='lat' dir='ltr'>secluserit,</span> <span class='ocrx_word' id='word_1_229' title='bbox 1201 3992 1265 4053; x_wconf 89' lang='lat' dir='ltr'><em>quc</em></span> <span class='ocrx_word' id='word_1_230' title='bbox 1291 3970 1416 4037; x_wconf 83' lang='lat' dir='ltr'>factum</span> 
     </span>
     <span class='ocr_line' id='line_1_32' title="bbox 233 4084 1416 4175; baseline -0.003 -23"><span class='ocrx_word' id='word_1_231' title='bbox 233 4094 281 4153; x_wconf 89' lang='lat' dir='ltr'>est</span> <span class='ocrx_word' id='word_1_232' title='bbox 309 4094 347 4152; x_wconf 89' lang='lat' dir='ltr'><em>ut</em></span> <span class='ocrx_word' id='word_1_233' title='bbox 376 4084 459 4175; x_wconf 76' lang='grc' dir='ltr'><em>α’ρχη</em></span> <span class='ocrx_word' id='word_1_234' title='bbox 488 4087 726 4153; x_wconf 86' lang='lat' dir='ltr'>constructione</span> <span class='ocrx_word' id='word_1_235' title='bbox 755 4085 967 4168; x_wconf 84' lang='lat' dir='ltr'>grammatica</span> <span class='ocrx_word' id='word_1_236' title='bbox 997 4103 1130 4167; x_wconf 89' lang='lat' dir='ltr'>prorsus</span> <span class='ocrx_word' id='word_1_237' title='bbox 1160 4089 1284 4163; x_wconf 81' lang='lat' dir='ltr'>careat3</span> <span class='ocrx_word' id='word_1_238' title='bbox 1316 4084 1416 4150; x_wconf 87' lang='lat' dir='ltr'>immo</span> 
     </span>
     <span class='ocr_line' id='line_1_33' title="bbox 232 4192 1418 4284; baseline -0.002 -22"><span class='ocrx_word' id='word_1_239' title='bbox 232 4197 388 4263; x_wconf 84' lang='lat' dir='ltr'>infinitivo</span> <span class='ocrx_word' id='word_1_240' title='bbox 410 4192 490 4264; x_wconf 88' lang='grc' dir='ltr'><em>είναι</em></span> <span class='ocrx_word' id='word_1_241' title='bbox 504 4204 630 4264; x_wconf 81' lang='lat' dir='ltr'>servate</span> <span class='ocrx_word' id='word_1_242' title='bbox 652 4195 736 4284; x_wconf 74' lang='grc' dir='ltr'><em>α’ρχη</em></span> <span class='ocrx_word' id='word_1_243' title='bbox 758 4197 792 4261; x_wconf 90' lang='lat' dir='ltr'><em>in</em></span> <span class='ocrx_word' id='word_1_244' title='bbox 820 4193 948 4282; x_wconf 74' lang='grc' dir='ltr'><em>α’ρχην</em></span> <span class='ocrx_word' id='word_1_245' title='bbox 966 4195 1160 4259; x_wconf 82' lang='lat' dir='ltr'>mutandum</span> <span class='ocrx_word' id='word_1_246' title='bbox 1175 4214 1243 4258; x_wconf 91' lang='lat' dir='ltr'>esse</span> <span class='ocrx_word' id='word_1_247' title='bbox 1259 4193 1418 4284; x_wconf 82' lang='lat' dir='ltr'>existim0‚</span> 
     </span>
     <span class='ocr_line' id='line_1_34' title="bbox 232 4305 1419 4387; baseline -0.003 -13"><span class='ocrx_word' id='word_1_248' title='bbox 232 4315 270 4374; x_wconf 85' lang='lat' dir='ltr'><em>ut</em></span> <span class='ocrx_word' id='word_1_249' title='bbox 292 4308 377 4372; x_wconf 85' lang='lat' dir='ltr'>iusta</span> <span class='ocrx_word' id='word_1_250' title='bbox 399 4309 516 4374; x_wconf 83' lang='lat' dir='ltr'>evadat</span> <span class='ocrx_word' id='word_1_251' title='bbox 536 4309 731 4375; x_wconf 85' lang='lat' dir='ltr'>constructio</span> <span class='ocrx_word' id='word_1_252' title='bbox 754 4308 925 4374; x_wconf 87' lang='lat' dir='ltr'>verberum</span> <span class='ocrx_word' id='word_1_253' title='bbox 948 4312 981 4371; x_wconf 83' lang='lat' dir='ltr'>et</span> <span class='ocrx_word' id='word_1_254' title='bbox 1003 4305 1220 4370; x_wconf 89' lang='lat' dir='ltr'>membrorum</span> <span class='ocrx_word' id='word_1_255' title='bbox 1242 4307 1419 4387; x_wconf 87' lang='lat' dir='ltr'>responsio·</span> 
     </span>
    </p>
   </div>
   <div class='ocr_carea' id='block_1_11' title="bbox 0 0 1487 4942">
    <p class='ocr_par' dir='ltr' id='par_1_12' title="bbox 0 0 1487 4942">
     <span class='ocr_line' id='line_1_35' title="bbox 0 0 1487 4942; baseline 0 0"><span class='ocrx_word' id='word_1_256' title='bbox 0 0 1487 4942; x_wconf 95' lang='lat' dir='ltr'><em> </em></span> 
     </span>
    </p>
   </div>
  </div>
 </body>
</html>
