2956 4942
638 341 830 400 ..ss-

144 535 236 615 469‚5
276 531 451 618 λογιστικὴν
477 553 536 616 per
559 532 784 616 compendium
804 533 968 616 scriptum,
992 554 1055 597 non
1076 534 1220 620 λογικήν,
1252 536 1347 618 quod

278 649 473 709 tamencum
489 643 665 708 Peterseno
683 644 728 727 (p.
746 646 785 707 27
799 643 825 727 ¹)
839 644 1072 709 restituendum
1091 666 1162 709 esse
1183 652 1346 730 apparet.

145 756 238 836 471,7
276 758 398 839 θηρίου,
421 776 485 819 non
507 758 635 839 θηρίονς
658 752 698 819 of.
721 753 751 818 L

145 868 240 947 4744
277 863 385 930 ἐνόντα
406 864 442 929 τὸ
463 865 497 929 δὲ
518 864 566 951 dri,
597 886 660 929 non
689 861 809 943 ἐνόντος
829 864 932 949 (αὐτὸ)
953 867 987 932 δὲ
1016 866 1064 953 dd.
1102 866 1275 950 deceptus
1300 876 1347 934 est

277 976 469 1042 Petersenus
490 975 559 1040 folii
582 980 645 1041 57v
671 996 780 1041 versus
801 976 896 1058 primi
918 978 1063 1043 frustulis
1083 977 1164 1043 folio
1189 983 1264 1043 58¹
1291 980 1346 1045 ad·

156 1099 159 1105 '
279 1084 496 1152 haerentibus,

146 1184 209 1260 476
213 1213 256 1278 ‚ln
278 1200 471 1285 ζητουμένου,
494 1219 557 1262 non
580 1197 749 1329 ζητημένοο

146 1310 238 1388 4829
276 1306 489 1392 αγριούμενός,
513 1330 574 1374 non
597 1307 802 1393 αγριούμενον

146 1421 239 1501 483,6
278 1426 374 1504 ττινῆν

368 1527 386 1580 ‘d'

147 1563 210 1661 498
213 1615 257 1678 ,ιο
278 1599 329 1661 καὶ
344 1622 384 1661 ov
375 1595 511 1663 ’idt
462 1604 511 1663 est
532 1594 620 1682 oded,
644 1621 706 1664 non
728 1597 823 1665 αὐτόν

149 1710 240 1788 516,3
279 1705 443 1792 ἕγραψω),
466 1731 528 1774 non
552 1708 707 1794 dpyopm)

64 1883 66 1888 ,
147 1821 238 1899 5346
277 1817 313 1882 τό
334 1820 419 1883 τουτὶ
438 1819 474 1885 τὸ
497 1820 678 1904 σπλάγχνον

148 1931 257 2009 540,14
278 1930 318 1994 τοὶ
338 1931 387 1995 bis

147 2044 240 2121 580‚4
277 2042 328 2105 καὶ
352 2042 488 2107 alterum
509 2043 558 2107 bis

147 2155 239 2233 589‚7
278 2151 358 2232 ἑξεῑς
379 2158 416 2215 ut
437 2153 566 2218 videtur

149 2265 260 2345 590,14
279 2287 360 2339 τινες

147 2375 238 2455 5969
277 2379 487 2459 γεγενημένου,
511 2395 575 2438 non
598 2379 782 2459 γεννημένοο

149 2487 241 2565 5989
279 2485 335 2566 μὲν
363 2486 439 2571 γάρ
468 2483 574 2552 αὐτοῦ.
604 2524 647 2531 -
675 2484 735 2568 γάρ
761 2485 848 2568 quod
870 2506 926 2568 per
950 2485 1175 2566 compendium
1203 2489 1346 2575 vulgare

164 2646 166 2651 .
282 2598 437 2681 scriptum
469 2601 548 2662 setis
580 2597 666 2662 clare
701 2596 868 2679 dispicitur
899 2596 1118 2679 recipiendum
1151 2619 1230 2666 esse
1268 2605 1348 2669 mihi

280 2707 417 2773 videtur.
455 2709 495 2774 de
517 2709 694 2793 participiis
722 2705 795 2786 ἕχον
818 2714 849 2772 et
879 2707 1102 2789 περιεχόμενον
1120 2707 1161 2773 ci.
1189 2715 1348 2799 exemplo

282 2818 325 2882 ad
352 2824 442 2900 293,1
469 2819 597 2902 collata,
626 2820 659 2883 in
682 2819 797 2902 quibus
819 2818 908 2882 houd
930 2839 1004 2882 raro
1027 2819 1162 2883 verbum
1189 2824 1348 2893 substan·

282 2929 383 2994 tivum
406 2932 558 2996 omissum
580 2936 645 3011 ost3
615 2931 792 2996 tuccedit
778 2930 901 3012 tquod
919 2929 981 2993 hoc
1003 2926 1108 2993 loco
1094 2952 1159 2998 εστι
1185 2934 1347 3004 facillime

258 3093 260 3097 .
282 3062 321 3105 ex
344 3043 478 3107 sentent‘
470 3064 501 3106 re
524 3043 679 3126 primaria
701 3044 923 3107 continuatum
946 3040 1037 3105 audit
1023 3047 1087 3105 t.ur

151 3086 242 3231 600,9
280 3150 332 3216 καὶ
354 3151 410 3216 ἐπὶ
431 3152 504 3229 τούς
520 3151 712 3238 ὀφθαλμούς
733 3153 782 3218 bis

150 3264 215 3325 604
215 3280 259 3342 ,12
281 3262 470 3346 aepactae

152 3375 261 3455 606‚12
283 3373 353 3459 (fol.
376 3374 483 3459 87'1.)
504 3371 550 3452 εἷς
568 3368 691 3441 a'<...
739 3373 831 3458 Quae
857 3395 878 3437 a
900 3372 1074 3438 Peterseno
1104 3381 1248 3444 enotata
1272 3388 1345 3447 sunt

186 3559 189 3567 ¹
283 3492 403 3567 puncta
433 3487 497 3552 duo
529 3508 625 3570 supra
654 3506 782 3550 versum
811 3486 917 3568 posita
946 3507 1010 3550 non
1039 3483 1082 3548 ad
1110 3484 1202 3553 hunc
1234 3490 1344 3560 locum

157 3578 159 3584 ⁵
267 3580 455 3678 pertinent,
475 3599 532 3662 sed
551 3599 593 3662 ed
613 3597 746 3662 verbum
761 3596 886 3682 ἑπῑρρεῖ
906 3596 1044 3682 (60014)
1060 3597 1147 3678 quod
1172 3599 1344 3670 invenitur

284 3707 317 3771 in
346 3707 415 3772 folii
440 3713 510 3773 88¹.
523 3730 617 3774 versu
643 3709 757 3792 primo.
794 3708 905 3773 littera
935 3710 987 3772 cui
1016 3708 1264 3778 terminationis
1297 3739 1343 3802 -ης

155 3878 159 3883 .
284 3820 508 3903 compendium
539 3821 775 3903 superpositum
803 3827 860 3902 est,
891 3825 978 3884 certo
1007 3819 1150 3902 dignosci
1183 3844 1256 3888 non
1280 3828 1342 3891 iam

285 3935 407 4014 potest;
432 3930 488 3994 sed
515 3954 534 3992 τ
559 3951 630 3994 eam
657 3929 754 3994 fuisse
777 3931 830 3994 vix
852 3952 910 4014 ego
939 3952 1012 3995 cum
1035 3931 1215 3998 Peterseno
1241 3938 1341 4002 credi·

285 4041 395 4106 derim.
433 4063 504 4107 eam
534 4062 608 4105 vero
637 4039 779 4106 litteram
808 4064 890 4124 quae
920 4047 993 4125 post
1022 4042 1043 4104 ἀ
1077 4039 1154 4105 olim
1185 4050 1341 4114 exstabat

286 4155 425 4236 vestigiis
468 4159 617 4218 accurate
650 4153 859 4218 consideratis
900 4151 1127 4217 affirmaverim
1163 4178 1190 4239 φ
1229 4158 1339 4225 fuisse.

287 4285 370 4346 quae
392 4265 419 4328 si
440 4272 525 4330 recte
545 4265 619 4347 vidi,
649 4266 702 4330 uix
728 4264 819 4329 aliud
841 4265 1017 4348 quidquem
1040 4264 1204 4335 exstitisse
1230 4277 1340 4354 potest
