2956 4942
630 346 844 408 *39⁵*

150 543 249 621 κρίσει
278 538 332 622 τη“ν
361 541 478 621 γένεσιν
503 533 600 603 αύτού
628 542 765 614 τίθεται;
796 541 888 621 478,s
913 537 1050 623 ἐναργῶς
1076 538 1145 619 μὲν
1166 535 1328 620 ἀπέδειξεν

150 648 257 732 ἕτερον
279 647 432 728 ὑπάρχειν
461 649 497 712 τό
527 649 726 730 θυμούμενον
755 655 811 714 τοῦ
839 647 1077 732 ἐπιθυμοῦντος,
1106 647 1150 714 ού
1177 649 1252 736 μην
1277 646 1327 717 ὅτι

147 762 186 824 τὸ
205 759 402 842 λογιζόμενον
424 758 528 844 ἕτερον
547 756 669 846 άμηνοῖν
691 757 774 824 ἐστιν
800 760 939 844 ἐναργῶς
957 754 1059 836 εἶπεν;
1094 764 1183 844 596‚1
1201 759 1325 850 ἐπιστη-

150 879 287 954 μονιιωῖν
311 869 507 957 (λημμάτων)
529 873 650 953 μᾶλλον
679 866 814 936 ἅπτεται
834 869 868 958 (ό
890 870 1095 956 Χρύσιππος)
1117 871 1326 954 καταβαλλόν·

149 1007 213 1046 των
234 982 306 1065 μὲν
328 980 427 1059 όντως
447 982 501 1047 τόν
523 979 704 1067 Ἀρίστωνος
725 981 826 1064 λόγον,
848 979 893 1046 ού
921 980 997 1067 μην
1026 987 1065 1066 τῇ
1087 979 1117 1064 γ’
1132 979 1230 1066 οἰκείᾳ
1251 1003 1326 1070 πρε·

148 1093 275 1158 πόντων
297 1089 464 1170 ύποθέσει;
489 1097 597 1175 615,4;
630 1098 754 1175 637,13;
786 1095 909 1173 650,13;
940 1096 1048 1174 655,5;
1077 1097 1186 1174 657,8;
1218 1099 1326 1176 679,6;

151 1210 261 1286 797,3;
293 1208 402 1285 825,ε;
434 1204 493 1269 III
522 1207 731 1286 320(41,1o).
770 1226 827 1269 suo
850 1225 924 1269 vero
956 1203 1026 1268 loco
1059 1205 1250 1286 particulam
1271 1211 1329 1287 μέν

146 1316 290 1400 positam
314 1336 381 1380 esse
401 1322 547 1398 apparet,
569 1337 642 1381 cum
661 1315 820 1381 sententia
841 1317 883 1378 sit
898 1315 992 1379 haec:
1015 1316 1099 1379 τουτὶ
1117 1315 1174 1397 μὲν
1195 1314 1231 1380 τό
1252 1313 1327 1380 καθ’

146 1420 238 1514 ἧπαρ
258 1420 340 1502 εἶδος
359 1433 414 1512 τῆς
433 1433 538 1512 ψυχῆς
552 1430 659 1492 σιτίων
671 1451 713 1491 τε
736 1426 787 1489 καὶ
809 1433 915 1490 ποτιῦν
930 1422 1154 1511 ἐπιθυμητικόν
1174 1423 1328 1511 ὑπάρχειν

147 1541 243 1622 λέγει,
263 1535 317 1601 ἐπὶ
340 1537 373 1601 δὲ
396 1543 453 1622 της
472 1537 601 1621 καρδίας
621 1533 713 1601 ούόὲν
730 1538 814 1621 λέγει
832 1543 979 1602 τοιοῦτον.
1203 1546 1204 1549 ’

659 1842 824 1908 ΧΧΧΙΙ.

237 1985 326 2062 589,1
354 1978 446 2059 εἴπερ
466 1978 527 2062 γάρ
556 1978 592 2043 τό
618 1981 774 2062 βέλτιστον
806 1981 839 2044 ἓν
865 1979 917 2043 καὶ
945 1974 966 2063 ἡ
994 1978 1151 2065 τελειότης
1172 1977 1236 2044 ἐστὶ
1258 1980 1325 2063 μία,

148 2091 229 2157 κατά
257 2090 315 2172 μὲν
346 2091 382 2154 τό
415 2088 587 2174 λογιστικόν
615 2095 709 2174 μέρος
737 2096 794 2176 της
828 2093 935 2175 ψυχῆς
961 2088 1133 2176 ἐπιστήμην
1161 2087 1328 2175 άναγκαῖον

149 2198 229 2270 εἶναι
259 2200 314 2287 την
342 2197 464 2287 άρετην,
492 2199 543 2264 καὶ
567 2199 658 2284 ε’ίπερ
687 2202 719 2265 ἓν
749 2197 833 2264 τοῦτ’
849 2198 914 2265 ἔστι
940 2201 1035 2282 μόνον
1056 2197 1089 2265 ἐν
1118 2213 1187 2279 ταῖς
1207 2213 1328 2286 ψυχαῖς

146 2313 241 2396 ήμιῦν
259 2314 297 2377 τό
322 2311 529 2395 λογιζόμενον,
551 2308 591 2375 oo’
613 2311 671 2397 χρη
690 2311 789 2396 ζητεῖν
812 2308 932 2410 άρετάς
951 2311 1076 2387 πολλάς
1092 2332 1100 2348 ·
1115 2308 1144 2376 εἰ
1163 2312 1197 2377 di
1219 2314 1271 2378 καὶ
1291 2315 1327 2379 τό

147 2423 349 2505 θυμούμενον
371 2422 472 2509 (quod
501 2443 559 2506 pro
587 2421 642 2488 τόν
666 2421 769 2503 θυμόν
789 2421 1023 2488 restituendum
1052 2443 1120 2488 esse
1141 2424 1222 2488 vidit
1243 2423 1328 2489 Mar-

150 2535 320 2618 quardtius
353 2534 467 2599 Philet.
497 2535 626 2618 Αιινούμ.
657 2534 729 2602 VH
759 2531 871 2621 [1876]
891 2533 958 2619 90),
993 2528 1160 2617 άναγκαῖον
1188 2532 1327 2602 κύκείνου

149 2649 296 2730 γενέσθαι
317 2643 386 2728 τὴν
407 2642 528 2728 ύρετήν.

237 2755 530 2839 Quotienscumque
552 2755 637 2819 hunc
658 2755 763 2820 locum
785 2755 923 2839 perlego,
944 2753 1070 2820 offendo
1092 2756 1126 2820 in
1149 2758 1253 2823 verbis
1276 2780 1327 2824 ex·

149 2866 261 2931 tremis
289 2864 427 2931 κάκείνοο
456 2870 601 2950 γενέσθαι
629 2865 685 2951 την
712 2864 831 2951 άρετην.
871 2887 1040 2953 namnum
1068 2873 1138 2931 tota
1160 2889 1327 2951 argumen-

148 2980 232 3042 tatio
261 2977 294 3042 id
324 2983 446 3060 spectet
474 2983 512 3042 ut
541 2979 598 3060 qui
624 2977 735 3061 plures
763 2978 889 3042 animae
910 2982 1021 3059 partes
1050 2998 1117 3042 esse
1144 2978 1267 3060 doceat,
1298 2979 1327 3044 ei

148 3088 259 3173 plures
286 3089 430 3168 virtutes,
461 3110 525 3152 non
554 3111 652 3154 unam
680 3088 883 3154 statuendam
905 3109 973 3153 esse
997 3090 1193 3165 ostendatur,
1223 3111 1327 3155 ncces

149 3199 272 3264 sarium
300 3219 368 3264 esse
389 3200 515 3266 videtur
539 3201 572 3264 in
594 3202 656 3266 hoc
685 3201 786 3266 altero
810 3200 963 3264 orationis
992 3199 1134 3265 membro
1158 3199 1201 3286 (εἰ
1221 3201 1255 3266 δὲ
1276 3202 1328 3266 καὶ

148 3309 186 3376 τό
208 3311 407 3391 θυμούμενον
429 3311 504 3396 etc.)
539 3311 646 3396 aliquo
678 3313 773 3377 modo
803 3312 937 3396 exprimi
970 3310 1095 3375 aliam
1127 3333 1194 3377 esse
1224 3315 1326 3396 partis

148 3421 318 3487 irascibilis
340 3423 491 3486 virtutem
514 3443 534 3486 a
554 3424 688 3487 rationis
710 3425 829 3489 virtute
851 3423 1018 3503 diversam,
1043 3423 1233 3505 praesertim
1254 3444 1328 3487 cum
1395 3445 1399 3449 ’

150 3535 293 3598 intortio
311 3533 454 3598 membro
468 3533 597 3615 legatur
611 3528 692 3599 ούτω
715 3532 744 3600 d'
759 3534 788 3599 εἰ
809 3535 861 3599 καὶ
884 3538 987 3616 τρίτον
1008 3530 1087 3599 άλλο
1110 3534 1191 3618 πρός
1206 3533 1328 3610 τούτοις

150 3641 201 3728 ε’ίη
223 3643 259 3707 τό
279 3642 517 3731 ἐπιθυμητικόν,
539 3643 612 3732 ἑξῆς
631 3645 688 3728 μὲν
709 3639 800 3710 αόται
822 3658 949 3731 τρεῖς;
976 3667 1033 3711 nec
1055 3667 1128 3710 vero
1148 3646 1214 3710 tale
1236 3644 1327 3727 quid·

149 3776 249 3839 quam
273 3754 399 3820 invenio
429 3756 462 3819 in
487 3755 550 3820 illis
574 3757 679 3822 verbis
708 3755 876 3842 άναγκαῖον
903 3756 989 3823 ἔσται
1016 3754 1153 3822 κάκείνού
1182 3760 1328 3841 γενέσθαι
1431 3785 1434 3795 ¹

147 3866 207 3952 την
229 3862 350 3952 άρετην.
388 3887 492 3950 neque
514 3867 612 3950 igitur
632 3867 737 3932 facere
756 3888 887 3950 possum
910 3869 988 3950 quin
1008 3867 1081 3933 coll.
1103 3889 1132 3933 v,
1157 3872 1196 3933 13
1220 3889 1260 3932 ss.
1283 3864 1327 3954 (εἰ

147 3976 255 4063 γάρ..
274 3975 378 4061 ἕτερον
405 3983 464 4058 μίν
493 3977 556 4043 ἐστι
582 3977 617 4043 τό
648 3977 854 4061 λογιζόμενον,
884 3975 987 4061 ἕτερον
1013 3977 1047 4042 dd
1073 3977 1109 4042 τό
1138 3976 1325 4060 ἐπιθυμοῦν,

148 4088 228 4153 άλλο
250 4087 284 4152 δὲ
306 4087 341 4152 τό
358 4087 566 4171 θυμούμενον,
588 4087 673 4154 ἔσται
693 4113 756 4166 τις
783 4086 878 4175 άρετι)
896 4086 971 4152 καθ’
986 4085 1111 4152 ἕκαστον
1126 4086 1232 4153 αὐτων
1252 4088 1326 4172 μία)

148 4199 292 4283 suspicer
321 4199 377 4284 την
406 4206 593 4283 corruptum
619 4222 687 4266 esse
717 4220 757 4264 ex
786 4196 878 4275 τιν’,
901 4200 989 4281 quod
1011 4199 1159 4264 facillime
1181 4199 1251 4265 fieri
1272 4221 1327 4284 po-

149 4312 249 4377 tuisse
269 4312 488 4393 unusquisque
510 4312 671 4376 concedet.
