2956 4942
634 338 847 400 ..41-

144 536 337 617 reparatum
356 552 433 597 vero
461 552 531 597 esse
551 530 744 595 infinitivum
765 525 843 597 εἶναι
874 536 907 595 et
929 537 1002 614 post
1027 529 1123 614 μέρος
1143 531 1284 614 positum
1309 551 1330 595 e

145 642 275 713 Gelono
295 648 376 727 puto
399 664 440 709 ne
459 648 556 728 μέρος
576 651 608 708 et
624 648 749 726 μορίοις
768 642 852 707 inter
874 662 909 706 se
928 642 1126 707 colliderent.

662 964 819 1034 XXXV.

255 1104 366 1183 665,14
382 1122 423 1168 τε.
468 1100 612 1169 Galenus
630 1103 677 1166 ait
691 1124 725 1167 se
740 1123 778 1167 en
789 1123 872 1184 quae
887 1102 962 1168 inde
977 1106 1118 1185 aedan
1132 1101 1172 1166 de
1183 1100 1331 1165 elementi

151 1212 280 1279 notione
302 1212 452 1297 exposuit
478 1213 510 1277 in
538 1212 622 1278 libro
645 1213 685 1278 de
708 1212 872 1278 elementis
896 1214 1072 1279 secundum
1094 1212 1331 1296 Hippocratem

151 1324 270 1408 mripto
299 1323 448 1407 pluribus
470 1323 574 1389 verbis
602 1323 838 1406 explicaturum
863 1323 978 1406 fluisse,
1005 1320 1107 1407 ‘einen
1136 1319 1240 1387 αὐτῶν
1267 1328 1331 1385 τῶν

149 1434 314 1519 αιλλαβῶν
330 1435 366 1499 τὸ
386 1446 541 1515 στοιχεῖον
559 1432 681 1500 ἓόεῖτο.’
714 1434 792 1519 quid
811 1435 872 1499 hoo
895 1441 943 1500 est
962 1432 1105 1519 quaeso?
1126 1455 1184 1517 ego
1200 1433 1331 1516 quidem

148 1546 184 1611 in
199 1546 252 1611 his
272 1545 381 1612 verbis
403 1566 515 1611 sanam
534 1554 673 1612 mentem
694 1568 757 1612 non
779 1547 921 1631 reperi03
944 1568 1048 1630 neque
1069 1566 1144 1611 vero
1167 1543 1330 1612 aGaleno

149 1657 271 1741 scriptu
292 1663 384 1738 sunt,
413 1656 470 1723 sed
495 1663 532 1721 ut
551 1657 677 1722 videtur
704 1658 746 1724 ab
768 1658 891 1724 editore
913 1659 1036 1724 Aldino
1062 1659 1163 1722 invite
1184 1657 1330 1721 Minerva

149 1768 345 1853 excogItatm
370 1769 432 1833 nisi
450 1769 537 1853 quod
554 1776 618 1833 τῶν
640 1791 660 1834 e
682 1769 835 1835 Kuehnio
859 1769 1005 1835 additum
1025 1775 1081 1835 est.
1093 1768 1121 1853 ¹)
1156 1769 1188 1833 in
1204 1767 1330 1833 Hamil-

148 1881 282 1947 toniano
304 1880 434 1964 quidem
464 1879 572 1945 codiee
599 1881 754 1964 seriptum
774 1887 893 1946 exstat:
924 1881 1015 1964 εἴπερ
1042 1879 1146 1945 αότιῦν
1176 1876 1195 1943 ό
1224 1880 1331 1961 λαβών

150 1991 199 2078 (id
232 1997 283 2057 eet
312 1991 433 2077 λαβών)
465 1993 501 2055 τὸ
535 2004 686 2073 στοιχεῖον
716 1991 832 2073 idolum
868 1993 954 2075 quod
987 1994 1062 2058 licet
1090 2013 1153 2056 non
1184 1989 1331 2055 omnibus

148 2102 293 2168 numeris
316 2123 426 2167 verum
450 2103 509 2184 sit,
539 2108 647 2167 temen
677 2125 793 2168 evoro
815 2104 903 2169 hund
920 2104 1015 2187 longe
1037 2104 1138 2169 obest.
1167 2122 1242 2166 nam
1262 2101 1330 2183 qui·

149 2234 290 2298 eumque
307 2215 485 2279 meminerit
506 2235 544 2279 ea
565 2236 650 2298 quae
664 2213 809 2281 Galenus
824 2214 923 2298 paulo
940 2221 1016 2280 ente
1034 2214 1073 2278 de
1088 2215 1157 2296 ipso
1173 2212 1228 2277 illo
1247 2210 1329 2276 libro

148 2326 234 2391 dixit
253 2328 297 2410 (v.
318 2329 338 2391 ὅ
362 2324 543 2411 φθάσαντος
562 2334 721 2415 γραφῆναι
747 2322 975 2413 δπομνηματος
1003 2325 1138 2410 ἑτέρωθι
1163 2324 1236 2407 περὶ
1266 2327 1331 2386 τιῦν

147 2437 226 2506 καθ’
239 2435 445 2524 Ἱπποκράτην
459 2444 630 2521 στοιχείων,
654 2438 672 2504 ὃ
687 2442 937 2525 σαφέστερον
951 2435 1009 2519 μἐν
1023 2431 1069 2501 όν
1084 2436 1329 2520 ἐγέγραπτο,

149 2657 413 2744 λαμβάνοντά
434 2683 510 2741 μου
531 2661 574 2724 τὸ
591 2662 765 2745 βιβλίον,
787 2657 859 2724 ἄλλ’
882 2658 928 2737 ως
947 2662 999 2724 καὶ
1021 2667 1084 2724 των
1106 2655 1332 2742 ἀμαθεστέρων

149 2770 266 2838 ἐκείνου
292 2770 474 2854 μελλόντων
502 2768 664 2857 ὁμιλήσειν
692 2770 808 2857 αὐτῷ),
838 2772 865 2837 is
898 2793 963 2836 non
991 2771 1156 2836 dubitabit
1185 2768 1263 2850 quin
1295 2767 1330 2829 τὸ

149 2895 304 2964 στοιχεῖον
324 2887 383 2948 aut
411 2885 444 2947 in
466 2883 508 2947 τὸ
531 2885 693 2967 βιβλίον
712 2882 903 2947 mutandum
931 2890 989 2947 eut
1011 2882 1139 2946 omnino
1157 2877 1331 2944 delendum

151 2994 212 3076 sit,
241 2994 276 3059 id
301 2995 388 3077 quod
409 2994 550 3059 Dielesio
578 2995 681 3078 magis
702 2994 873 3079 probatum
904 2991 944 3058 cf.
967 2990 1025 3057 SM
1054 2989 1093 3055 II
1121 2994 1190 3072 96‚1
1215 2983 1268 3053 ὅτε
1294 2989 1330 3051 τὸ

150 3104 295 3190 δεύτερον
316 3097 388 3191 ἧκον
416 3104 462 3183 εἰς
482 3101 601 3191 Ῥώμην
621 3102 684 3170 ὑπὸ
713 3111 776 3168 των
797 3102 1034 3189 αὐτοκρατόρων
1055 3103 1278 3186 μετακληθείς,
1311 3094 1331 3164 ό

150 3214 210 3297 μὲν
237 3213 370 3299 λαβών
398 3212 572 3301 ἐτεθνήκει,
606 3216 643 3280 τό
672 3218 793 3299 βιβλίον
822 3214 850 3280 d'
870 3209 955 3295 εἶχον
983 3211 1039 3279 oriz
1064 3210 1165 3297 ὀλίγοι
1189 3220 1222 3277 et
1251 3211 1328 3276 ibid.

223 3468 245 3537 ¹)
262 3469 397 3539 cogitasse
409 3471 541 3526 videntur
553 3472 673 3525 editores
687 3472 722 3525 de
736 3471 839 3524 talibus
856 3470 924 3524 loeis
942 3469 1038 3538 quoles
1056 3472 1121 3522 sunt
1139 3471 1225 3535 697‚1e
1242 3466 1328 3520 ταῦτά

151 3556 176 3609 τ’
194 3550 244 3609 οὖν
261 3553 365 3615 διδάξας
388 3557 623 3626 (ὃἹπνιοκράτηε)
641 3556 771 3624 καὶπρὸς
789 3557 896 3610 τούτοις
919 3553 962 3607 δτι
982 3552 1017 3607 τὰ
1042 3556 1151 3606 ἐναντία
1174 3557 1232 3607 τῶν
1254 3555 1330 3605 ἐναν-

151 3647 219 3696 τίαιν
236 3643 310 3695 ἐστὶν
326 3642 438 3709 ἰάματα,
460 3649 505 3709 τῆς
522 3643 590 3694 κατὰ
607 3641 658 3708 τὴν
675 3646 772 3708 τέχνην
791 3639 913 3709 μεθόδου
931 3641 972 3695 τὰ
991 3655 1147 3705 στοιχεῖα
1164 3636 1330 3710 παρέδωκεν,

151 3727 193 3785 olo
209 3728 300 3798 ἐφεξῆς
316 3729 384 3780 κατὰ
402 3729 464 3784 τοὺς
482 3728 650 3798 οἷηιορισμοόε
667 3724 786 3780 διελθὼν
803 3732 866 3796 περὶ
883 3731 941 3779 τῶν
958 3725 1166 3789 πλεοναζόντων
1188 3723 1253 3776 καθ’
1272 3723 1330 3774 ἑκά-

150 3834 219 3880 στην
237 3811 312 3883 ὥραν
329 3834 358 3867 τε
375 3818 420 3865 καί
436 3812 541 3880 ἡλικίαν
558 3813 722 3879 νοσημάτων
746 3810 806 3867 τὰς
831 3811 911 3864 οἷον
935 3810 1103 3878 συλλαβὰς
1122 3812 1166 3862 ἐπὶ
1183 3824 1240 3863 τοτε
1258 3829 1329 3861 στοι-

148 3904 233 3964 χείοις
247 3899 403 3969 ὑφηγήσατο
416 3903 444 3954 et
455 3899 563 3954 XVIII
575 3901 602 3952 A
616 3902 693 3965 197‚e
708 3899 733 3965 (ὁ
747 3898 843 3963 Λόκοε)
862 3895 938 3963 δῆλός
954 3901 1011 3950 ἐστι
1029 3894 1095 3964 μηδὲ
1112 3893 1153 3949 τὰ
1172 3909 1330 3958 στοιχεῖα

148 3990 197 4051 τῆς
217 3984 412 4054 Ἱπποκράτους
435 3989 528 4051 τέχνης
552 3984 742 4050 ἐπιστάμενοι·
775 3982 829 4047 ὅτῳ
853 3980 876 4033 d'
902 3982 950 4034 οὐκ
978 3985 1034 4034 ἔστι
1059 3984 1117 4034 τῶν
1143 3986 1330 4043 στοιχείων

149 4069 295 4135 ἐπιστήμη,
317 4067 398 4136 σχολῇ
420 4071 445 4139 y'
463 4068 498 4121 ἂν
523 4069 601 4124 οὗτοι
626 4068 669 4140 [οὐ
694 4070 748 4123 del.
774 4069 897 4124 Oobetus
915 4068 1048 4123 Mnemon.
1073 4085 1099 4123 n,
1124 4085 1144 4121 s.
1168 4065 1247 4121 XIII
1264 4068 1328 4139 245]

148 4152 208 4211 τότε
226 4152 397 4221 συλλαβὰς
415 4153 493 4221 εἰδείη
511 4158 556 4221 τηε
574 4159 666 4220 τέχνης
684 4156 783 4219 ἐκείνης
801 4150 816 4219 ἢ
834 4155 892 4205 τῶν
909 4151 957 4205 ἄπ’
970 4151 1058 4218 αὐτῆς.
1081 4155 1130 4207 sed
1143 4155 1195 4207 hac
1207 4152 1329 4223 imagine

148 4242 267 4296 minime
285 4256 318 4294 ea
336 4241 469 4310 explicari
487 4258 557 4308 quae
575 4241 629 4294 hoo
647 4241 708 4294 loco
728 4240 763 4294 de
781 4256 836 4307 quo
854 4239 962 4309 agimus
980 4239 1010 4291 in
1028 4238 1200 4293 editionibus
1212 4239 1330 4294 eircum-

147 4328 282 4383 feruntur
299 4325 431 4381 facillime
448 4326 629 4395 intellegitur.
