2956 4942
647 349 841 409 ..9-

154 540 245 619 755,5
284 551 362 604 τοῖσι
383 539 442 625 χρῆ
464 551 531 618 τοῖς
553 541 612 627 (εἰσ
634 540 709 624 AB,
731 563 812 608 corr.
836 541 900 629 Oh)

154 654 244 731 756,9
283 649 322 726 ἐς,
346 672 411 715 non
431 651 477 729 είς

154 765 244 842 782,5
282 760 314 839 ἐς
333 760 430 849 ἀξίην,
454 784 518 827 non
537 762 571 841 ἐς
588 761 681 844 ἀξίαν

154 877 244 953 787,4
283 868 384 960 ἥσσων

153 989 262 1065 788,10
283 983 315 1048 ἕν
335 997 433 1051 τοῖσιν

410 1094 452 1146 το’
682 1095 725 1147 ‘to'

154 1167 244 1245 79ομ
282 1142 443 1248 πλαδαρῶ,
466 1185 530 1228 non
551 1142 711 1249 πλαθαρῶ

715 1454 764 1519 II.

240 1594 347 1672 155,10
368 1591 420 1655 καὶ
441 1589 530 1656 οὐδὲν
558 1589 626 1658 οὔδ’
642 1591 780 1657 ἐνταῦθα
802 1591 913 1674 δέομαι
933 1593 1114 1677 διέρχεσθαι
1135 1593 1190 1659 τόν
1211 1594 1329 1678 τρόπον

151 1709 207 1788 τῆς
228 1705 352 1787 νομῆς
373 1702 455 1787 (scil.
479 1705 542 1767 τῶν
563 1700 745 1790 ἀρτηριῶν).

235 1813 368 1878 Minime
397 1814 609 1879 necessarium
640 1820 688 1879 est
718 1815 805 1897 quod
836 1815 1081 1898 Marquardtius
1109 1815 1237 1902 (Ρίιιλσί.
1261 1818 1327 1881 An·

149 1927 249 2010 ειίηω
270 1924 345 1990 VII
369 1929 450 1990 1876
474 1948 506 2008 p.
528 1924 584 2009 90)
610 1927 762 2010 postulat,
793 1933 830 1992 ut
859 1927 929 1992 coll.
955 1930 1061 2003 154‚13
1080 1949 1105 1991 s.
1127 1926 1194 2013 (τὸν
1212 1929 1328 2012 τρόπον

149 2042 206 2121 τῆς
233 2035 397 2123 διανομῆς)
429 2037 588 2102 scribatur
616 2037 766 2125 διανομῆς
793 2060 850 2123 pro
880 2043 987 2126 νομῆς,
1018 2038 1104 2120 quod
1134 2060 1196 2105 non
1222 2041 1327 2105 minus

149 2153 236 2213 recte
258 2148 380 2212 dictum
408 2169 477 2213 esse
506 2155 642 2232 apparet
665 2149 735 2215 coll.
761 2154 852 2232 16735
870 2147 1070 2236 (ὑπόμνημα)
1091 2152 1147 2238 τῆν
1168 2157 1231 2215 τῶν
1259 2151 1327 2216 νεύ-

149 2282 212 2342 ρων
237 2258 285 2336 είς
305 2256 420 2337 αάτούς
441 2258 527 2340 (τούς
547 2265 621 2341 μῦς)
643 2259 740 2347 νομῆν
761 2262 978 2348 ὄιηγούμενσνς
1006 2261 1060 2329 IV
1083 2266 1175 2344 2643
1192 2262 1330 2345 πρόσεχε

149 2393 204 2451 μοι
236 2369 290 2434 τόν
321 2377 393 2435 νοῦν
424 2368 584 2452 ἐπιμελῶς
612 2371 806 2460 ἐξηγουμένη
836 2373 891 2461 τῆν
924 2372 1117 2458 δικαιοσύνην
1147 2380 1204 2461 τῆς
1230 2380 1329 2461 νομῆς

149 2483 228 2569 (τῶν
246 2481 363 2567 νεύρων
383 2484 435 2547 καὶ
454 2479 610 2571 ἀρτηριῶν
627 2485 678 2550 καὶ
693 2485 851 2571 φλεβῶν);
875 2489 1001 2568 266,12;
1024 2489 1115 2567 313,8
1132 2489 1329 2569 μεταβαίνειν

147 2593 206 2681 ἤδη
235 2592 343 2678 καιρὸς
369 2591 424 2659 ἐπὶ
454 2593 510 2683 τῆν
537 2602 601 2660 τῶν
626 2594 762 2680 ἀγγείων
784 2595 895 2684 νομῆν;
928 2595 971 2662 ib.
997 2613 1045 2677 183
1077 2600 1186 2680 328,2;
1218 2601 1327 2679 339,5;

148 2710 252 2787 3426.
273 2723 306 2776 14
326 2703 345 2793 ῆ
369 2704 414 2784 είς
433 2705 472 2771 τά
495 2705 603 2791 ἐ’ντερα
623 2707 702 2796 νομῆ
721 2714 808 2774 πᾶσα
828 2716 891 2774 τῶν
908 2710 1051 2795 φλεβῶν;
1075 2711 1175 2790 344,5.

703 2996 772 3063 ΙΠ.

236 3139 326 3218 159,6
351 3129 441 3212 οὗτος
467 3140 544 3218 γοῦν
572 3131 604 3220 (ὁ
632 3132 853 3222 Ἀριστοτέλης)
882 3132 963 3201 ἐστιν
996 3131 1013 3202 ὁ
1048 3133 1176 3216 διδάξας
1187 3135 1213 3219 1)
1244 3129 1328 3222 ἡμᾶς

146 3247 194 3324 εἷς
214 3245 269 3331 τῆν
290 3245 444 3330 ἐνέργειάν
466 3270 500 3311 τε
525 3247 578 3311 καὶ
600 3252 705 3334 χρείαν
726 3243 923 3330 ἀποβλέπειν
942 3246 1067 3313 ἑκάστου
1088 3252 1152 3311 τῶν
1175 3243 1326 3330 ἀργάνων,

146 3353 204 3424 οάκ
224 3356 271 3433 είς
291 3382 346 3444 την
375 3357 569 3443 κατασκευήν,
600 3357 729 3424 ἐπειδᾶν
759 3354 777 3424 ὅ
805 3383 835 3424 τι
866 3356 939 3424 ποτ’
954 3358 1036 3425 ἔστιν
1057 3356 1136 3423 αάτό
1158 3356 1196 3422 τό
1220 3349 1327 3422 εἶναι

145 3467 352 3551 σκοπώμεθα.
373 3475 420 3533 τῶ
441 3473 516 3552 γοῦν
535 3467 708 3554 ἀφθαλμῶ,
739 3468 804 3534 ἵνα
825 3460 855 3557 ἧ,
876 3475 908 3535 τί
928 3466 1003 3535 ποτ’
1016 3468 1098 3535 ἔστιν
1119 3466 1329 3555 ἐρωτηθέντες

146 3577 487 3665 ἀποκριναίμεθα
508 3576 644 3665 “ἀργάνω
666 3578 809 3646 ιίπτικῶ’.

234 3691 400 3774 Exscripsi
417 3691 522 3756 locum
539 3693 605 3758 fere
619 3693 718 3758 talem
732 3692 836 3776 qualis
854 3693 888 3757 in
903 3693 931 3760 O
946 3692 1074 3776 legitur.
1094 3693 1127 3755 in
1146 3712 1211 3775 quo
1231 3688 1328 3754 verba

146 3800 165 3870 ὅ
188 3828 218 3869 τι
241 3799 313 3867 ποτ’
327 3800 409 3869 ἔστιν
431 3799 507 3867 αάτό
527 3804 564 3866 τι)
585 3797 692 3869 εἶναι
714 3808 785 3886 (pro
806 3824 871 3885 quo
894 3803 1026 3888 ὄργανον
1048 3804 1175 3886 scripsit
1193 3801 1326 3866 Muelle-

146 3920 216 3996 rus)
240 3914 317 3998 quid
346 3913 487 3979 habeant
510 3913 691 3979 offensionis
717 3914 820 3979 fateor
843 3937 980 3981 menon
1008 3915 1207 3997 intelleger03
1228 3913 1326 3976 immo

147 4027 267 4110 optime
284 4024 466 4090 confirmari
483 4025 561 4089 mihi
581 4026 729 4092 videntur
751 4028 796 4091 eis
819 4047 903 4108 quae
918 4026 1062 4094 Galenus
1082 4024 1188 4089 addit:
1206 4020 1244 4087 οὗ
1265 4021 1327 4108 γὰρ

218 4256 241 4324 ¹)
259 4254 295 4310 ci.
313 4254 349 4309 de
371 4253 464 4309 anima
480 4257 583 4310 416⁸4
606 4254 643 4310 ῶε
664 4256 680 4322 ἦ
698 4250 797 4324 κεφαλὴ
820 4253 878 4306 τῶν
903 4251 995 4318 ζῴων,
1020 4251 1103 4309 οὕτως
1127 4257 1155 4305 αἱ
1178 4255 1247 4324 ῥίζαι
1269 4257 1328 4305 ’τῶν

146 4341 250 4411 φυτῶν,
268 4341 293 4391 εί
308 4338 358 4408 χρὴ
376 4338 411 4392 τὰ
430 4335 534 4410 ὄργανα
552 4338 639 4410 λέγειν
657 4344 736 4410 ἕτερα
753 4342 799 4390 καὶ
815 4337 902 4392 ταύτὰ
920 4351 977 4394 τοτε
996 4340 1089 4407 ἔργοις.
