2956 4942
702 349 911 413 ..30-

222 549 307 615 recte
339 552 514 614 tractatum
547 558 616 675 eosq
649 546 811 630 existim03
848 566 951 631 neque
987 546 1070 614 edim
1100 543 1188 613 aliud
1223 543 1403 631 quidquam

223 663 416 750 mutandum
435 682 504 727 esse
525 661 751 727 mihi·videtur
772 660 832 725 nisi
854 660 888 727 dt
914 661 945 725 in
967 659 1029 748 δή,
1059 682 1139 745 quas
1161 661 1403 727 coniunctiones

224 760 393 842 sescenties
418 775 502 839 iuter
530 795 562 838 se
594 773 782 838 commutari
809 793 829 838 a
857 772 999 839 librariis
1026 795 1118 839 nemo
1148 775 1261 839 nescit.
1302 794 1402 838 com-

224 886 451 974 prehendit
480 888 564 951 enim
585 884 727 951 Calenus
757 906 796 949 ea
825 908 908 968 quae
934 886 1156 968 384,o-14de
1182 886 1402 969 repugnantiis

225 999 398 1082 fragmenti
418 997 608 1083 Chrysippei
631 997 717 1079 quod
747 975 890 1078 3’84,3-9
910 997 1027 1081 legitur
1046 999 1193 1082 exposita
1213 1003 1301 1080 sunt,
1333 1018 1402 1062 cum

225 1113 320 1177 dicit:
352 1111 468 1175 similia
490 1111 588 1194 igitur
609 1110 674 1197 (δή)
694 1109 773 1174 haec
793 1131 919 1192 quoque
942 1108 1113 1192 Chrysippi
1142 1109 1240 1175 verba
1272 1109 1338 1192 (καὶ
1365 1108 1402 1173 ια’

226 1220 325 1300 οὕτως
339 1221 404 1288 ὑπὸ
420 1230 475 1288 τοῦ
491 1227 680 1308 Χρυσίππου
696 1221 847 1306 λεγόμενα
863 1244 891 1285 v.
909 1225 950 1286 14
966 1253 1008 1276 =
1023 1222 1074 1286 καὶ
1089 1221 1130 1286 aa*
1146 1217 1248 1298 οὕτως
1261 1217 1329 1285 ὑπὸ
1349 1227 1404 1284 τσῦ

227 1341 415 1419 Χρυσίππου
434 1334 586 1418 λεγόμενα
607 1357 635 1400 v.
659 1339 678 1398 9
698 1356 723 1399 s.
742 1366 783 1388 =
804 1357 833 1398 v.
856 1337 951 1414 3-9)
975 1335 1019 1399 eis
1042 1340 1117 1400 sunt
1140 1355 1225 1416 quae
1248 1340 1346 1399 antea
1367 1354 1404 1397 ex

227 1448 295 1512 eius
314 1447 396 1512 libro
418 1446 734 1512 commemoravimus
753 1449 830 1524 (τοῖς
848 1451 1136 1529 προγεγραμμένοις
1155 1478 1197 1501 =
1220 1447 1402 1527 383‚8-16),

227 1554 260 1625 id
284 1565 348 1624 est:
371 1559 451 1624 haec
473 1558 572 1640 igitur
593 1558 690 1623 verba
712 1557 883 1644 (384,3-9)
905 1579 969 1622 non
990 1561 1095 1624 minus
1118 1557 1160 1624 ab
1182 1558 1284 1640 ipsius
1307 1556 1404 1640 Chry-

228 1671 311 1754 sippi
333 1664 478 1735 doctrina
496 1668 689 1734 dissentiunt
711 1690 809 1751 quam
831 1690 869 1734 ea
890 1674 1077 1753 (383,a-1s)
1099 1691 1182 1753 quae
1205 1677 1405 1753 quantopere

229 1780 389 1865 cumipse
413 1779 592 1864 Chrysippo
614 1785 758 1865 pugnent
787 1802 885 1865 supra
905 1785 1184 1865 (383,1e-384,3)
1211 1782 1405 1863 monuimus,

229 1915 334 1977 neque
355 1894 400 1958 eis
418 1892 586 1958 dissimilia
609 1899 684 1958 sunt
705 1914 842 1974 eaquae
860 1915 944 1958 nunc
966 1892 1098 1958 allaturi
1119 1913 1230 1958 sumus
1245 1891 1407 1976 (καθάπερ

197 2070 199 2073 .
231 2005 296 2086 ἔχει
325 2006 376 2069 καὶ
403 2003 492 2086 τάδε)
520 2008 772 2086 384,16-385,4.
806 2003 858 2084 (cf.
881 2009 1041 2086 385,t-5;
1064 2010 1190 2085 13-15.)
1218 2005 1302 2071 haec
1333 2007 1409 2071 satis

230 2118 315 2182 lente
345 2124 377 2183 et
405 2117 538 2182 moleste
564 2138 584 2181 a
607 2117 732 2184 Caleno
760 2116 847 2183 dicta
876 2138 944 2183 esse
971 2117 1066 2182 facile
1089 2116 1239 2198 concedo,
1270 2118 1330 2184 sed
1351 2118 1411 2182 hoc

232 2229 311 2294 nihil
348 2228 390 2294 ad
422 2248 479 2292 uos
514 2229 569 2311 qui
605 2228 819 2313 librariorum,
856 2251 919 2294 non
952 2228 1071 2296 Galeri
1104 2229 1221 2294 menda
1251 2228 1411 2310 corrigere

232 2341 426 2407 studeamus.

777 2486 978 2604 XX..

318 2680 428 2760 400,14
464 2670 541 2740 ὅθεν
579 2673 738 2741 κιῖπειδᾶν
759 2676 834 2762 λέγῃ
850 2674 881 2757 (d
905 2678 1108 2760 Χρύσιππος)
1130 2674 1225 2743 ςοὕτω
1260 2678 1328 2764 γα“ρ
1365 2681 1417 2744 καὶ

234 2792 392 2867 κλαίοντες
411 2788 564 2853 παύονται
585 2789 635 2852 καὶ
656 2787 700 2873 μή
716 2790 896 2872 βουλόμενοι
917 2791 1034 2858 κλαίειν
1057 2792 1116 2877 (sio
1130 2789 1183 2872 H3
1205 2789 1247 2855 cf.
1272 2795 1368 2868 395,5
1386 2796 1418 2856 et

234 2902 359 2967 Petere.
381 2925 412 2986 p.
435 2900 513 2986 25⁸)
537 2902 703 2975 κλαίουσιν,
734 2894 808 2964 ὅταν
830 2897 942 2982 ὁμοίας
965 2901 1006 2966 τά
1029 2898 1218 2984 ὖπσκείμενα
1240 2907 1420 2988 φαντασίας

235 3012 323 3100 πσιγῖ
352 3013 408 3102 τήν
436 3012 540 3079 αἰτίαν
568 3012 671 3098 ἐρωτᾷ
698 3009 885 3079 κᾶνταῦθ’ὁ
917 3014 1130 3092 Ποσειδώνιος,
1158 3011 1200 3081 δι’
1216 3010 1256 3102 ἢν
1285 3016 1353 3080 καὶ
1382 3013 1419 3080 oi

236 3127 349 3191 πολλοὶ
375 3125 420 3213 μή
445 3125 628 3210 βουλόμενοι
654 3124 808 3202 πολλάκις
834 3126 990 3193 κλαίουσιν
1011 3125 1150 3207 ἐπισχεῖν
1177 3124 1222 3214 μὴ
1252 3126 1420 3209 δυνάμενοι

236 3228 276 3303 rol
298 3238 418 3324 δάκρυα
445 3238 496 3301 καὶ
523 3234 616 3302 ἄλλοι
642 3237 759 3316 κλαίειν
787 3234 835 3303 ἔτι
852 3239 1038 3322 βουλόμενοι
1060 3235 1249 3326 φθάνουσι[ν
1279 3235 1329 3304 ἔτι
1355 3239 1424 3303 del.-

240 3347 635 3438 Muelleruslrrovdpssos.

323 3459 509 3527 Articulum
538 3463 643 3545 etqui
667 3467 742 3528 ante
764 3462 878 3527 πολλοὶ
906 3462 939 3527 in
961 3461 1123 3528 codicibus
1145 3462 1310 3528 invenitur
1333 3470 1422 3529 recte

240 3575 332 3639 eiecit
351 3573 544 3656 Muellerus;
565 3575 629 3640 καὶ
650 3596 724 3639 vero
744 3574 943 3640 retinendum
962 3597 1030 3640 esse
1049 3575 1204 3657 existimo,
1227 3578 1422 3659 praesertim

240 3710 312 3753 cum
331 3685 530 3771 Chrysippus
550 3687 618 3771 ipse
647 3687 885 3769 quoque-dicat
909 3687 973 3751 καὶ
1002 3688 1159 3764 κλαίοντες
1178 3686 1335 3767 παύονται
1355 3688 1423 3751 καὶ

239 3798 283 3887 μή
305 3796 490 3883 βουλόμενοι
508 3800 628 3864 κλαίειν
645 3799 809 3865 κλαίουσιν.

773 4110 878 4174 ΧΧΙ.
908 4115 911 4119 ’
963 4138 965 4143 ·

327 4253 419 4332 elsa
437 4273 475 4318 ss.
486 4335 487 4338 Ἴ
498 4253 656 4318 traditum
675 4256 724 4313 est
746 4251 809 4317 ἔστι
825 4249 886 4334 γαρ
903 4274 923 4336 νγ
939 4247 1027 4323 νόσος
1045 4244 1191 4329 α’νιυτέρισ
1211 4245 1265 4308 καὶ
1283 4247 1426 4313 καθόλου
1453 4330 1455 4333 ι

245 4363 364 4424 μᾶλλον
386 4362 450 4428 ἐπὶ
470 4367 598 4447 σμικριὶν
619 4361 942 4448 ὲμπροσθενκεῖρηται.
987 4381 1062 4424 nam
1083 4354 1129 4436 οἷς
1149 4357 1228 4422 illud
1252 4360 1344 4440 quod
1367 4384 1428 4444 pro
