<?xml version="1.0" encoding="UTF-8"?>
<!DOCTYPE html PUBLIC "-//W3C//DTD XHTML 1.0 Transitional//EN"
    "http://www.w3.org/TR/xhtml1/DTD/xhtml1-transitional.dtd">
<html xmlns="http://www.w3.org/1999/xhtml" xml:lang="en" lang="en">
 <head>
  <title>
</title>
<meta http-equiv="Content-Type" content="text/html;charset=utf-8" />
  <meta name='ocr-system' content='tesseract 3.04.00' />
  <meta name='ocr-capabilities' content='ocr_page ocr_carea ocr_par ocr_line ocrx_word'/>
</head>
<body>
  <div class='ocr_page' id='page_1' title='image "./ingalenideplaci00kalbgoog_0038.png"; bbox 0 0 2956 4942; ppageno 0'>
   <div class='ocr_carea' id='block_1_1' title="bbox 563 341 776 405">
    <p class='ocr_par' dir='ltr' id='par_1_1' title="bbox 563 341 776 405">
     <span class='ocr_line' id='line_1_1' title="bbox 563 341 776 405; baseline -0.005 -16"><span class='ocrx_word' id='word_1_1' title='bbox 563 371 609 394; x_wconf 59' lang='lat'>2...</span> <span class='ocrx_word' id='word_1_2' title='bbox 649 341 688 405; x_wconf 83' lang='lat'>31</span> <span class='ocrx_word' id='word_1_3' title='bbox 734 373 776 388; x_wconf 82' lang='lat'>..-</span> 
     </span>
    </p>
   </div>
   <div class='ocr_carea' id='block_1_2' title="bbox 75 534 1264 3086">
    <p class='ocr_par' dir='ltr' id='par_1_2' title="bbox 75 534 1264 2506">
     <span class='ocr_line' id='line_1_2' title="bbox 80 534 1262 624; baseline -0.001 -20"><span class='ocrx_word' id='word_1_4' title='bbox 80 535 137 604; x_wconf 77' lang='grc' dir='ltr'>ἰιτί</span> <span class='ocrx_word' id='word_1_5' title='bbox 157 557 199 605; x_wconf 86' lang='lat' dir='ltr'>ex</span> <span class='ocrx_word' id='word_1_6' title='bbox 217 535 276 606; x_wconf 68' lang='grc' dir='ltr'>ΕΡ</span> <span class='ocrx_word' id='word_1_7' title='bbox 298 537 422 624; x_wconf 84' lang='lat' dir='ltr'>recepit</span> <span class='ocrx_word' id='word_1_8' title='bbox 439 535 625 623; x_wconf 83' lang='lat' dir='ltr'>Muellerus,</span> <span class='ocrx_word' id='word_1_9' title='bbox 649 535 677 604; x_wconf 85' lang='lat' dir='ltr'>sl</span> <span class='ocrx_word' id='word_1_10' title='bbox 698 547 809 604; x_wconf 82' lang='lat' dir='ltr'>&#39;verum</span> <span class='ocrx_word' id='word_1_11' title='bbox 832 541 923 622; x_wconf 79' lang='lat' dir='ltr'>esset,</span> <span class='ocrx_word' id='word_1_12' title='bbox 944 558 1007 604; x_wconf 89' lang='lat' dir='ltr'>non</span> <span class='ocrx_word' id='word_1_13' title='bbox 1026 534 1121 604; x_wconf 82' lang='lat' dir='ltr'>lectio</span> <span class='ocrx_word' id='word_1_14' title='bbox 1141 534 1262 603; x_wconf 79' lang='lat' dir='ltr'>tradita</span> 
     </span>
     <span class='ocr_line' id='line_1_3' title="bbox 80 649 1262 737; baseline -0.003 -18"><span class='ocrx_word' id='word_1_15' title='bbox 80 659 174 737; x_wconf 84' lang='lat' dir='ltr'>esset,</span> <span class='ocrx_word' id='word_1_16' title='bbox 191 649 246 719; x_wconf 84' lang='lat' dir='ltr'>sed</span> <span class='ocrx_word' id='word_1_17' title='bbox 261 660 337 719; x_wconf 84' lang='lat' dir='ltr'>vera</span> <span class='ocrx_word' id='word_1_18' title='bbox 351 650 551 735; x_wconf 84' lang='lat' dir='ltr'>oonieotura3</span> <span class='ocrx_word' id='word_1_19' title='bbox 571 658 607 718; x_wconf 83' lang='lat' dir='ltr'>at</span> <span class='ocrx_word' id='word_1_20' title='bbox 626 650 708 718; x_wconf 80' lang='lat' dir='ltr'>falsa</span> <span class='ocrx_word' id='word_1_21' title='bbox 723 658 772 717; x_wconf 90' lang='lat' dir='ltr'>est</span> <span class='ocrx_word' id='word_1_22' title='bbox 785 650 818 716; x_wconf 90' lang='lat' dir='ltr'>ni</span> <span class='ocrx_word' id='word_1_23' title='bbox 831 649 934 717; x_wconf 87' lang='lat' dir='ltr'>fallor.</span> <span class='ocrx_word' id='word_1_24' title='bbox 966 671 1042 716; x_wconf 88' lang='lat' dir='ltr'>nam</span> <span class='ocrx_word' id='word_1_25' title='bbox 1056 650 1114 716; x_wconf 90' lang='lat' dir='ltr'>ubi</span> <span class='ocrx_word' id='word_1_26' title='bbox 1129 650 1262 716; x_wconf 87' lang='lat' dir='ltr'>tandem</span> 
     </span>
     <span class='ocr_line' id='line_1_4' title="bbox 78 760 1259 848; baseline -0.001 -18"><span class='ocrx_word' id='word_1_27' title='bbox 78 763 191 848; x_wconf 88' lang='lat' dir='ltr'>‘paulo</span> <span class='ocrx_word' id='word_1_28' title='bbox 210 760 297 831; x_wconf 86' lang='lat' dir='ltr'>ante&#39;</span> <span class='ocrx_word' id='word_1_29' title='bbox 319 763 370 831; x_wconf 85' lang='lat' dir='ltr'>rel</span> <span class='ocrx_word' id='word_1_30' title='bbox 389 764 516 830; x_wconf 88' lang='lat' dir='ltr'>omnino</span> <span class='ocrx_word' id='word_1_31' title='bbox 533 768 607 829; x_wconf 84' lang='lat' dir='ltr'>ante</span> <span class='ocrx_word' id='word_1_32' title='bbox 623 764 709 828; x_wconf 88' lang='lat' dir='ltr'>huno</span> <span class='ocrx_word' id='word_1_33' title='bbox 728 763 836 828; x_wconf 91' lang='lat' dir='ltr'>looum</span> <span class='ocrx_word' id='word_1_34' title='bbox 851 761 996 829; x_wconf 81' lang='lat' dir='ltr'>Galenus</span> <span class='ocrx_word' id='word_1_35' title='bbox 1012 763 1095 828; x_wconf 85' lang='lat' dir='ltr'><strong>dixit</strong></span> <span class='ocrx_word' id='word_1_36' title='bbox 1114 764 1259 846; x_wconf 88' lang='lat' dir='ltr'>superius</span> 
     </span>
     <span class='ocr_line' id='line_1_5' title="bbox 79 871 1261 962; baseline -0.002 -21"><span class='ocrx_word' id='word_1_37' title='bbox 79 877 238 962; x_wconf 87' lang='lat' dir='ltr'>quiddam</span> <span class='ocrx_word' id='word_1_38' title='bbox 259 882 293 942; x_wconf 83' lang='lat' dir='ltr'>et</span> <span class='ocrx_word' id='word_1_39' title='bbox 314 877 493 961; x_wconf 81' lang='lat' dir='ltr'>generalius</span> <span class='ocrx_word' id='word_1_40' title='bbox 511 896 579 940; x_wconf 88' lang='lat' dir='ltr'>esse</span> <span class='ocrx_word' id='word_1_41' title='bbox 600 871 771 941; x_wconf 78' lang='lat' dir='ltr'>morbum?</span> <span class='ocrx_word' id='word_1_42' title='bbox 793 875 890 939; x_wconf 93' lang='lat' dir='ltr'>immo</span> <span class='ocrx_word' id='word_1_43' title='bbox 910 894 994 938; x_wconf 90' lang='lat' dir='ltr'>nuno</span> <span class='ocrx_word' id='word_1_44' title='bbox 1014 874 1154 957; x_wconf 88' lang='lat' dir='ltr'>demum,</span> <span class='ocrx_word' id='word_1_45' title='bbox 1176 880 1261 959; x_wconf 87' lang='lat' dir='ltr'>post·</span> 
     </span>
     <span class='ocr_line' id='line_1_6' title="bbox 79 983 1262 1073; baseline -0.001 -20"><span class='ocrx_word' id='word_1_46' title='bbox 79 1010 181 1072; x_wconf 90' lang='lat' dir='ltr'>quam</span> <span class='ocrx_word' id='word_1_47' title='bbox 201 989 374 1055; x_wconf 88' lang='lat' dir='ltr'>sanitatem</span> <span class='ocrx_word' id='word_1_48' title='bbox 392 989 426 1053; x_wconf 89' lang='lat' dir='ltr'>in</span> <span class='ocrx_word' id='word_1_49' title='bbox 441 987 611 1054; x_wconf 84' lang='lat' dir='ltr'>eoncordia</span> <span class='ocrx_word' id='word_1_50' title='bbox 632 985 686 1073; x_wconf 83' lang='lat' dir='ltr'><strong>(cf.</strong></span> <span class='ocrx_word' id='word_1_51' title='bbox 700 993 926 1072; x_wconf 78' lang='grc' dir='ltr'><strong><em>συμφωνοῦντα</em></strong></span> <span class='ocrx_word' id='word_1_52' title='bbox 944 1035 972 1052; x_wconf 88' lang='grc'>..</span> <span class='ocrx_word' id='word_1_53' title='bbox 996 983 1048 1051; x_wconf 84' lang='grc' dir='ltr'><strong><em>καὶ</em></strong></span> <span class='ocrx_word' id='word_1_54' title='bbox 1068 987 1146 1051; x_wconf 80' lang='grc' dir='ltr'><strong><em>κατά</em></strong></span> <span class='ocrx_word' id='word_1_55' title='bbox 1166 987 1262 1073; x_wconf 79' lang='grc' dir='ltr'><strong><em>μηδὲν</em></strong></span> 
     </span>
     <span class='ocr_line' id='line_1_7' title="bbox 79 1095 1261 1184; baseline -0.009 -17"><span class='ocrx_word' id='word_1_56' title='bbox 79 1099 284 1180; x_wconf 79' lang='grc' dir='ltr'><strong><em>στασιάζοντα</em></strong></span> <span class='ocrx_word' id='word_1_57' title='bbox 302 1104 436 1184; x_wconf 76' lang='lat' dir='ltr'>417,1s),</span> <span class='ocrx_word' id='word_1_58' title='bbox 457 1100 606 1165; x_wconf 89' lang='lat' dir='ltr'>morbum</span> <span class='ocrx_word' id='word_1_59' title='bbox 628 1099 661 1167; x_wconf 84' lang='lat' dir='ltr'>in</span> <span class='ocrx_word' id='word_1_60' title='bbox 675 1098 835 1164; x_wconf 81' lang='lat' dir='ltr'><strong>discordia</strong></span> <span class='ocrx_word' id='word_1_61' title='bbox 851 1096 905 1181; x_wconf 89' lang='lat' dir='ltr'>(of.</span> <span class='ocrx_word' id='word_1_62' title='bbox 920 1095 1025 1175; x_wconf 84' lang='grc' dir='ltr'><strong><em>στάσις</em></strong></span> <span class='ocrx_word' id='word_1_63' title='bbox 1044 1101 1173 1178; x_wconf 81' lang='lat'>417,13;</span> <span class='ocrx_word' id='word_1_64' title='bbox 1194 1098 1261 1164; x_wconf 76' lang='grc' dir='ltr'><strong><em>δια.-</em></strong></span> 
     </span>
     <span class='ocr_line' id='line_1_8' title="bbox 79 1209 1261 1299; baseline -0.002 -22"><span class='ocrx_word' id='word_1_65' title='bbox 79 1210 269 1299; x_wconf 81' lang='grc' dir='ltr'><strong><em>φιυνήσαντα</em></strong></span> <span class='ocrx_word' id='word_1_66' title='bbox 290 1213 342 1278; x_wconf 82' lang='grc' dir='ltr'><strong><em>καὶ</em></strong></span> <span class='ocrx_word' id='word_1_67' title='bbox 363 1213 568 1278; x_wconf 91' lang='grc' dir='ltr'><strong><em>στασιάσαντα</em></strong></span> <span class='ocrx_word' id='word_1_68' title='bbox 589 1209 704 1295; x_wconf 73' lang='lat'>418,‘2)</span> <span class='ocrx_word' id='word_1_69' title='bbox 727 1211 852 1275; x_wconf 88' lang='lat' dir='ltr'>animae</span> <span class='ocrx_word' id='word_1_70' title='bbox 872 1210 1014 1293; x_wconf 87' lang='lat' dir='ltr'>partium</span> <span class='ocrx_word' id='word_1_71' title='bbox 1034 1209 1150 1292; x_wconf 78' lang='lat' dir='ltr'><strong>posuit,</strong></span> <span class='ocrx_word' id='word_1_72' title='bbox 1173 1209 1261 1291; x_wconf 87' lang='lat' dir='ltr'>quod</span> 
     </span>
     <span class='ocr_line' id='line_1_9' title="bbox 77 1320 1261 1408; baseline -0.003 -18"><span class='ocrx_word' id='word_1_73' title='bbox 77 1345 144 1390; x_wconf 93' lang='lat' dir='ltr'>non</span> <span class='ocrx_word' id='word_1_74' title='bbox 167 1325 314 1408; x_wconf 82' lang='lat' dir='ltr'>congruit</span> <span class='ocrx_word' id='word_1_75' title='bbox 342 1345 418 1391; x_wconf 85' lang='lat' dir='ltr'>oum</span> <span class='ocrx_word' id='word_1_76' title='bbox 447 1323 631 1391; x_wconf 88' lang='lat' dir='ltr'>definitione</span> <span class='ocrx_word' id='word_1_77' title='bbox 651 1320 834 1406; x_wconf 78' lang='lat' dir='ltr'><strong>Chrysippi,</strong></span> <span class='ocrx_word' id='word_1_78' title='bbox 859 1321 915 1403; x_wconf 93' lang='lat' dir='ltr'>qui</span> <span class='ocrx_word' id='word_1_79' title='bbox 943 1321 1113 1386; x_wconf 84' lang='lat' dir='ltr'>sanitatem</span> <span class='ocrx_word' id='word_1_80' title='bbox 1142 1342 1261 1403; x_wconf 86' lang='lat' dir='ltr'>aequa·</span> 
     </span>
     <span class='ocr_line' id='line_1_10' title="bbox 77 1431 1264 1519; baseline -0.003 -19"><span class='ocrx_word' id='word_1_81' title='bbox 77 1435 256 1519; x_wconf 84' lang='lat' dir='ltr'>bilitatem,</span> <span class='ocrx_word' id='word_1_82' title='bbox 294 1435 442 1502; x_wconf 87' lang='lat' dir='ltr'>morbum</span> <span class='ocrx_word' id='word_1_83' title='bbox 483 1433 783 1517; x_wconf 87' lang='lat' dir='ltr'>inaequabilitatem</span> <span class='ocrx_word' id='word_1_84' title='bbox 824 1433 986 1514; x_wconf 91' lang='lat' dir='ltr'>quandam</span> <span class='ocrx_word' id='word_1_85' title='bbox 1026 1453 1095 1498; x_wconf 89' lang='lat' dir='ltr'>esse</span> <span class='ocrx_word' id='word_1_86' title='bbox 1134 1431 1264 1498; x_wconf 84' lang='lat' dir='ltr'>volebat</span> 
     </span>
     <span class='ocr_line' id='line_1_11' title="bbox 77 1542 1261 1631; baseline -0.004 -19"><span class='ocrx_word' id='word_1_87' title='bbox 77 1549 287 1631; x_wconf 62' lang='grc' dir='ltr'><strong><em>(ωδε-13),</em></strong></span> <span class='ocrx_word' id='word_1_88' title='bbox 321 1547 502 1630; x_wconf 84' lang='lat' dir='ltr'>generalem</span> <span class='ocrx_word' id='word_1_89' title='bbox 540 1546 629 1611; x_wconf 92' lang='lat' dir='ltr'>illam</span> <span class='ocrx_word' id='word_1_90' title='bbox 665 1545 768 1610; x_wconf 82' lang='lat' dir='ltr'>morbi</span> <span class='ocrx_word' id='word_1_91' title='bbox 807 1545 969 1626; x_wconf 88' lang='lat' dir='ltr'>notionem</span> <span class='ocrx_word' id='word_1_92' title='bbox 1001 1542 1261 1611; x_wconf 83' lang='lat' dir='ltr'>circumscribens</span> 
     </span>
     <span class='ocr_line' id='line_1_12' title="bbox 75 1649 1262 1743; baseline -0.002 -20"><span class='ocrx_word' id='word_1_93' title='bbox 75 1658 303 1743; x_wconf 76' lang='grc' dir='ltr'><strong><em>περιλάβωμεν</em></strong></span> <span class='ocrx_word' id='word_1_94' title='bbox 332 1649 388 1724; x_wconf 81' lang='grc' dir='ltr'>σάν</span> <span class='ocrx_word' id='word_1_95' title='bbox 417 1658 522 1740; x_wconf 87' lang='lat' dir='ltr'>inquit</span> <span class='ocrx_word' id='word_1_96' title='bbox 554 1655 652 1743; x_wconf 73' lang='grc' dir='ltr'><strong><em>αὐτῆς</em></strong></span> <span class='ocrx_word' id='word_1_97' title='bbox 680 1656 750 1743; x_wconf 78' lang='grc' dir='ltr'>(τῆς</span> <span class='ocrx_word' id='word_1_98' title='bbox 779 1655 884 1742; x_wconf 86' lang='grc' dir='ltr'><strong><em>νόσου)</em></strong></span> <span class='ocrx_word' id='word_1_99' title='bbox 914 1655 970 1741; x_wconf 73' lang='grc' dir='ltr'>τήν</span> <span class='ocrx_word' id='word_1_100' title='bbox 999 1653 1119 1722; x_wconf 73' lang='grc' dir='ltr'><strong><em>ἔννοιαν</em></strong></span> <span class='ocrx_word' id='word_1_101' title='bbox 1135 1651 1180 1742; x_wconf 79' lang='grc' dir='ltr'>·ἦ</span> <span class='ocrx_word' id='word_1_102' title='bbox 1205 1662 1262 1721; x_wconf 84' lang='grc' dir='ltr'>τοῦ</span> 
     </span>
     <span class='ocr_line' id='line_1_13' title="bbox 76 1767 1261 1864; baseline -0.002 -30"><span class='ocrx_word' id='word_1_103' title='bbox 76 1769 175 1856; x_wconf 83' lang='grc' dir='ltr'><strong><em>φάσει</em></strong></span> <span class='ocrx_word' id='word_1_104' title='bbox 197 1776 362 1864; x_wconf 68' lang='grc' dir='ltr'><strong><em>συγγενοῦς</em></strong></span> <span class='ocrx_word' id='word_1_105' title='bbox 391 1767 425 1834; x_wconf 64' lang='lat' dir='ltr'>lfa</span> <span class='ocrx_word' id='word_1_106' title='bbox 453 1792 538 1846; x_wconf 86' lang='grc' dir='ltr'><strong><em>τινος</em></strong></span> <span class='ocrx_word' id='word_1_107' title='bbox 565 1769 747 1855; x_wconf 77' lang='grc' dir='ltr'><strong><em>διαφθορᾶς</em></strong></span> <span class='ocrx_word' id='word_1_108' title='bbox 772 1767 922 1853; x_wconf 79' lang='grc' dir='ltr'><strong><em>διαφορά.</em></strong></span> <span class='ocrx_word' id='word_1_109' title='bbox 962 1768 1026 1831; x_wconf 87' lang='lat' dir='ltr'>iam</span> <span class='ocrx_word' id='word_1_110' title='bbox 1046 1767 1130 1834; x_wconf 87' lang='lat' dir='ltr'>hano</span> <span class='ocrx_word' id='word_1_111' title='bbox 1152 1768 1261 1834; x_wconf 88' lang='lat' dir='ltr'>defini-</span> 
     </span>
     <span class='ocr_line' id='line_1_14' title="bbox 75 1878 1259 1964; baseline -0.003 -17"><span class='ocrx_word' id='word_1_112' title='bbox 75 1882 200 1947; x_wconf 78' lang='lat' dir='ltr'>tionem</span> <span class='ocrx_word' id='word_1_113' title='bbox 222 1881 433 1964; x_wconf 81' lang='lat' dir='ltr'>Platonicam,</span> <span class='ocrx_word' id='word_1_114' title='bbox 457 1902 523 1964; x_wconf 92' lang='lat' dir='ltr'>qua</span> <span class='ocrx_word' id='word_1_115' title='bbox 545 1902 652 1947; x_wconf 90' lang='lat' dir='ltr'>omnes</span> <span class='ocrx_word' id='word_1_116' title='bbox 673 1878 778 1945; x_wconf 89' lang='lat' dir='ltr'>morbi</span> <span class='ocrx_word' id='word_1_117' title='bbox 800 1879 919 1961; x_wconf 87' lang='lat' dir='ltr'>species</span> <span class='ocrx_word' id='word_1_118' title='bbox 942 1880 1096 1944; x_wconf 73' lang='lat' dir='ltr'>contineri</span> <span class='ocrx_word' id='word_1_119' title='bbox 1119 1879 1259 1944; x_wconf 83' lang='lat' dir='ltr'>ostendit</span> 
     </span>
     <span class='ocr_line' id='line_1_15' title="bbox 76 1989 1257 2079; baseline -0.003 -22"><span class='ocrx_word' id='word_1_120' title='bbox 76 1992 278 2079; x_wconf 82' lang='grc'><strong>(418,6-13),</strong></span> <span class='ocrx_word' id='word_1_121' title='bbox 301 1991 438 2058; x_wconf 85' lang='lat' dir='ltr'>maxime</span> <span class='ocrx_word' id='word_1_122' title='bbox 457 1992 637 2075; x_wconf 84' lang='lat' dir='ltr'>generalem</span> <span class='ocrx_word' id='word_1_123' title='bbox 658 2013 727 2057; x_wconf 87' lang='lat' dir='ltr'>esse</span> <span class='ocrx_word' id='word_1_124' title='bbox 747 1993 794 2056; x_wconf 89' lang='lat' dir='ltr'>ait</span> <span class='ocrx_word' id='word_1_125' title='bbox 818 1991 953 2075; x_wconf 84' lang='lat' dir='ltr'>(418‚1a)</span> <span class='ocrx_word' id='word_1_126' title='bbox 976 1995 1008 2055; x_wconf 90' lang='lat' dir='ltr'>et</span> <span class='ocrx_word' id='word_1_127' title='bbox 1029 1989 1257 2073; x_wconf 87' lang='lat' dir='ltr'>generaliorem</span> 
     </span>
     <span class='ocr_line' id='line_1_16' title="bbox 76 2102 1258 2188; baseline -0.004 -18"><span class='ocrx_word' id='word_1_128' title='bbox 76 2105 126 2170; x_wconf 90' lang='lat' dir='ltr'>eis</span> <span class='ocrx_word' id='word_1_129' title='bbox 146 2103 383 2171; x_wconf 82' lang='lat' dir='ltr'>definitionibus</span> <span class='ocrx_word' id='word_1_130' title='bbox 411 2126 494 2186; x_wconf 88' lang='lat' dir='ltr'>quae</span> <span class='ocrx_word' id='word_1_131' title='bbox 516 2105 612 2188; x_wconf 92' lang='lat' dir='ltr'>paulo</span> <span class='ocrx_word' id='word_1_132' title='bbox 641 2109 714 2170; x_wconf 84' lang='lat' dir='ltr'>ante</span> <span class='ocrx_word' id='word_1_133' title='bbox 737 2102 883 2186; x_wconf 86' lang='lat' dir='ltr'>prolatae</span> <span class='ocrx_word' id='word_1_134' title='bbox 910 2107 1002 2166; x_wconf 88' lang='lat' dir='ltr'>erant</span> <span class='ocrx_word' id='word_1_135' title='bbox 1024 2105 1147 2185; x_wconf 81' lang='grc'><strong>(418,14</strong></span> <span class='ocrx_word' id='word_1_136' title='bbox 1169 2123 1193 2167; x_wconf 85' lang='lat' dir='ltr'>s.</span> <span class='ocrx_word' id='word_1_137' title='bbox 1215 2132 1258 2154; x_wconf 96' lang='lat'><strong><em>=</em></strong></span> 
     </span>
     <span class='ocr_line' id='line_1_17' title="bbox 75 2212 1260 2299; baseline -0.008 -14"><span class='ocrx_word' id='word_1_138' title='bbox 75 2218 276 2298; x_wconf 79' lang='lat'>417‚11-14;</span> <span class='ocrx_word' id='word_1_139' title='bbox 306 2218 784 2298; x_wconf 80' lang='lat' dir='ltr'>418‚15-419,1=416,s-7.</span> <span class='ocrx_word' id='word_1_140' title='bbox 812 2214 938 2298; x_wconf 72' lang='grc'>11-13).</span> <span class='ocrx_word' id='word_1_141' title='bbox 975 2235 1131 2299; x_wconf 89' lang='lat' dir='ltr'>apparere</span> <span class='ocrx_word' id='word_1_142' title='bbox 1159 2212 1260 2295; x_wconf 83' lang='lat' dir='ltr'>igitur</span> 
     </span>
     <span class='ocr_line' id='line_1_18' title="bbox 79 2322 1259 2416; baseline -0.004 -23"><span class='ocrx_word' id='word_1_143' title='bbox 79 2328 230 2393; x_wconf 88' lang='lat' dir='ltr'>existimo</span> <span class='ocrx_word' id='word_1_144' title='bbox 245 2325 300 2392; x_wconf 80' lang='grc' dir='ltr'><strong><em>ἐντὶ</em></strong></span> <span class='ocrx_word' id='word_1_145' title='bbox 315 2333 501 2413; x_wconf 83' lang='lat' dir='ltr'>corruptum</span> <span class='ocrx_word' id='word_1_146' title='bbox 517 2348 584 2393; x_wconf 89' lang='lat' dir='ltr'>esse</span> <span class='ocrx_word' id='word_1_147' title='bbox 600 2349 640 2392; x_wconf 83' lang='lat' dir='ltr'>ex</span> <span class='ocrx_word' id='word_1_148' title='bbox 657 2322 687 2416; x_wconf 78' lang='grc' dir='ltr'>ἢ,</span> <span class='ocrx_word' id='word_1_149' title='bbox 699 2330 724 2416; x_wconf 91' lang='grc'>1)</span> <span class='ocrx_word' id='word_1_150' title='bbox 748 2349 812 2412; x_wconf 87' lang='lat' dir='ltr'>quo</span> <span class='ocrx_word' id='word_1_151' title='bbox 827 2328 976 2393; x_wconf 85' lang='lat' dir='ltr'>restituto</span> <span class='ocrx_word' id='word_1_152' title='bbox 991 2327 1098 2391; x_wconf 91' lang='lat' dir='ltr'>omnia</span> <span class='ocrx_word' id='word_1_153' title='bbox 1117 2330 1203 2391; x_wconf 86' lang='lat' dir='ltr'>reete</span> <span class='ocrx_word' id='word_1_154' title='bbox 1224 2343 1259 2388; x_wconf 91' lang='lat' dir='ltr'>se</span> 
     </span>
     <span class='ocr_line' id='line_1_19' title="bbox 77 2438 257 2506; baseline 0 -1"><span class='ocrx_word' id='word_1_155' title='bbox 77 2438 257 2506; x_wconf 87' lang='lat' dir='ltr'>habebunt.</span> 
     </span>
    </p>

    <p class='ocr_par' dir='ltr' id='par_1_3' title="bbox 76 2546 1260 3086">
     <span class='ocr_line' id='line_1_20' title="bbox 166 2546 1259 2636; baseline -0.003 -20"><span class='ocrx_word' id='word_1_156' title='bbox 166 2550 291 2617; x_wconf 80' lang='lat' dir='ltr'>Eadem</span> <span class='ocrx_word' id='word_1_157' title='bbox 314 2573 411 2636; x_wconf 89' lang='lat' dir='ltr'>opera</span> <span class='ocrx_word' id='word_1_158' title='bbox 434 2550 469 2616; x_wconf 90' lang='lat' dir='ltr'>in</span> <span class='ocrx_word' id='word_1_159' title='bbox 498 2554 544 2618; x_wconf 89' lang='lat' dir='ltr'>eis</span> <span class='ocrx_word' id='word_1_160' title='bbox 566 2574 650 2636; x_wconf 90' lang='lat' dir='ltr'>quae</span> <span class='ocrx_word' id='word_1_161' title='bbox 670 2551 768 2636; x_wconf 92' lang='lat' dir='ltr'>paulo</span> <span class='ocrx_word' id='word_1_162' title='bbox 790 2555 865 2616; x_wconf 90' lang='lat' dir='ltr'>ante</span> <span class='ocrx_word' id='word_1_163' title='bbox 887 2550 1005 2635; x_wconf 60' lang='lat' dir='ltr'>(nias)</span> <span class='ocrx_word' id='word_1_164' title='bbox 1030 2547 1182 2634; x_wconf 88' lang='lat' dir='ltr'>leguntur</span> <span class='ocrx_word' id='word_1_165' title='bbox 1209 2546 1259 2636; x_wconf 81' lang='grc' dir='ltr'><strong><em>εἰη</em></strong></span> 
     </span>
     <span class='ocr_line' id='line_1_21' title="bbox 77 2655 1260 2754; baseline -0.004 -25"><span class='ocrx_word' id='word_1_166' title='bbox 77 2656 119 2729; x_wconf 76' lang='lat' dir='ltr'>dv</span> <span class='ocrx_word' id='word_1_167' title='bbox 140 2655 229 2744; x_wconf 82' lang='grc' dir='ltr'><strong><em>οἶμαι</em></strong></span> <span class='ocrx_word' id='word_1_168' title='bbox 253 2662 305 2728; x_wconf 87' lang='grc' dir='ltr'><strong><em>καὶ</em></strong></span> <span class='ocrx_word' id='word_1_169' title='bbox 324 2659 344 2749; x_wconf 80' lang='grc' dir='ltr'><em>ἡ</em></span> <span class='ocrx_word' id='word_1_170' title='bbox 362 2666 417 2749; x_wconf 72' lang='grc' dir='ltr'>τῆς</span> <span class='ocrx_word' id='word_1_171' title='bbox 437 2672 544 2754; x_wconf 74' lang='grc' dir='ltr'><strong><em>ψυχῆς</em></strong></span> <span class='ocrx_word' id='word_1_172' title='bbox 561 2662 666 2748; x_wconf 76' lang='grc' dir='ltr'><strong><em>ὑγίεια</em></strong></span> <span class='ocrx_word' id='word_1_173' title='bbox 687 2667 860 2748; x_wconf 78' lang='grc' dir='ltr'><strong><em>συμμετρία</em></strong></span> <span class='ocrx_word' id='word_1_174' title='bbox 882 2686 930 2739; x_wconf 89' lang='grc' dir='ltr'>τις</span> <span class='ocrx_word' id='word_1_175' title='bbox 950 2668 1013 2726; x_wconf 85' lang='grc' dir='ltr'><strong><em>τιῦν</em></strong></span> <span class='ocrx_word' id='word_1_176' title='bbox 1027 2659 1141 2725; x_wconf 80' lang='grc' dir='ltr'><strong><em>άπλιῦν</em></strong></span> <span class='ocrx_word' id='word_1_177' title='bbox 1163 2657 1260 2746; x_wconf 74' lang='grc' dir='ltr'><strong><em>αὐτῆς</em></strong></span> 
     </span>
     <span class='ocr_line' id='line_1_22' title="bbox 76 2769 1257 2859; baseline -0.005 -19"><span class='ocrx_word' id='word_1_178' title='bbox 76 2778 215 2859; x_wconf 88' lang='grc' dir='ltr'><strong><em>μορίων·</em></strong></span> <span class='ocrx_word' id='word_1_179' title='bbox 237 2769 327 2840; x_wconf 81' lang='grc' dir='ltr'><strong><em>άτινά</em></strong></span> <span class='ocrx_word' id='word_1_180' title='bbox 350 2772 422 2840; x_wconf 81' lang='grc' dir='ltr'><strong><em>ποτ’</em></strong></span> <span class='ocrx_word' id='word_1_181' title='bbox 435 2773 500 2842; x_wconf 75' lang='grc' dir='ltr'><strong><em>ἔστι</em></strong></span> <span class='ocrx_word' id='word_1_182' title='bbox 522 2777 573 2840; x_wconf 83' lang='grc' dir='ltr'><strong><em>καὶ</em></strong></span> <span class='ocrx_word' id='word_1_183' title='bbox 594 2773 696 2841; x_wconf 78' lang='grc' dir='ltr'><strong><em>ὁπόσα</em></strong></span> <span class='ocrx_word' id='word_1_184' title='bbox 716 2775 769 2839; x_wconf 84' lang='grc' dir='ltr'><strong><em>καὶ</em></strong></span> <span class='ocrx_word' id='word_1_185' title='bbox 790 2769 881 2851; x_wconf 76' lang='grc' dir='ltr'><strong><em>ὅπως</em></strong></span> <span class='ocrx_word' id='word_1_186' title='bbox 901 2771 1012 2853; x_wconf 74' lang='grc' dir='ltr'><strong><em>ἔχοντα</em></strong></span> <span class='ocrx_word' id='word_1_187' title='bbox 1030 2773 1110 2859; x_wconf 82' lang='grc' dir='ltr'><strong><em>πρὸς</em></strong></span> <span class='ocrx_word' id='word_1_188' title='bbox 1128 2769 1257 2855; x_wconf 75' lang='grc' dir='ltr'><strong><em>ἄλληλα,</em></strong></span> 
     </span>
     <span class='ocr_line' id='line_1_23' title="bbox 76 2880 1259 2972; baseline -0.005 -20"><span class='ocrx_word' id='word_1_189' title='bbox 76 2885 407 2972; x_wconf 74' lang='grc' dir='ltr'><strong><em>διελθεῖνάναμκαῑσν</em></strong></span> <span class='ocrx_word' id='word_1_190' title='bbox 436 2886 523 2952; x_wconf 78' lang='grc' dir='ltr'><strong><em>ἕσται</em></strong></span> <span class='ocrx_word' id='word_1_191' title='bbox 547 2909 594 2952; x_wconf 90' lang='grc' dir='ltr'>σοι</span> <span class='ocrx_word' id='word_1_192' title='bbox 616 2889 738 2970; x_wconf 82' lang='lat' dir='ltr'>corrige</span> <span class='ocrx_word' id='word_1_193' title='bbox 767 2906 886 2969; x_wconf 83' lang='lat' dir='ltr'>quaeso</span> <span class='ocrx_word' id='word_1_194' title='bbox 917 2882 939 2948; x_wconf 82' lang='grc' dir='ltr'><strong><em>ά</em></strong></span> <span class='ocrx_word' id='word_1_195' title='bbox 968 2888 1059 2949; x_wconf 90' lang='grc' dir='ltr'><strong><em>τίνα</em></strong></span> <span class='ocrx_word' id='word_1_196' title='bbox 1091 2880 1164 2948; x_wconf 79' lang='grc' dir='ltr'><strong><em>ποτ’</em></strong></span> <span class='ocrx_word' id='word_1_197' title='bbox 1194 2881 1259 2947; x_wconf 69' lang='grc' dir='ltr'><strong><em>ἔστι</em></strong></span> 
     </span>
     <span class='ocr_line' id='line_1_24' title="bbox 77 2994 1257 3086; baseline -0.005 -23"><span class='ocrx_word' id='word_1_198' title='bbox 77 2995 190 3086; x_wconf 70' lang='lat' dir='ltr'>(quae</span> <span class='ocrx_word' id='word_1_199' title='bbox 211 3003 318 3082; x_wconf 82' lang='lat' dir='ltr'>partes</span> <span class='ocrx_word' id='word_1_200' title='bbox 340 2998 451 3081; x_wconf 88' lang='lat' dir='ltr'>quales</span> <span class='ocrx_word' id='word_1_201' title='bbox 473 3000 602 3064; x_wconf 87' lang='lat' dir='ltr'>tandem</span> <span class='ocrx_word' id='word_1_202' title='bbox 627 2995 734 3084; x_wconf 84' lang='lat' dir='ltr'>sint&#39;),</span> <span class='ocrx_word' id='word_1_203' title='bbox 757 3019 797 3062; x_wconf 89' lang='lat' dir='ltr'>ne</span> <span class='ocrx_word' id='word_1_204' title='bbox 820 3002 1049 3084; x_wconf 80' lang='lat' dir='ltr'>nexuoareant</span> <span class='ocrx_word' id='word_1_205' title='bbox 1069 2994 1257 3060; x_wconf 84' lang='lat' dir='ltr'>sententiae.</span> 
     </span>
    </p>
   </div>
   <div class='ocr_carea' id='block_1_3' title="bbox 605 3226 731 3322">
    <p class='ocr_par' dir='ltr' id='par_1_4' title="bbox 605 3226 731 3322">
     <span class='ocr_line' id='line_1_25' title="bbox 605 3226 731 3322; baseline 0.008 -1"><span class='ocrx_word' id='word_1_206' title='bbox 605 3226 731 3322; x_wconf 83' lang='lat' dir='ltr'><strong>xxii.</strong></span> 
     </span>
    </p>
   </div>
   <div class='ocr_carea' id='block_1_4' title="bbox 75 3408 1266 3840">
    <p class='ocr_par' dir='ltr' id='par_1_5' title="bbox 75 3408 1266 3840">
     <span class='ocr_line' id='line_1_26' title="bbox 102 3408 1264 3512; baseline -0.006 -27"><span class='ocrx_word' id='word_1_207' title='bbox 102 3445 105 3449; x_wconf 81' lang='grc'><strong>’</strong></span> <span class='ocrx_word' id='word_1_208' title='bbox 167 3424 259 3504; x_wconf 78' lang='lat'>439,4</span> <span class='ocrx_word' id='word_1_209' title='bbox 277 3439 317 3485; x_wconf 90' lang='lat' dir='ltr'>ss.</span> <span class='ocrx_word' id='word_1_210' title='bbox 340 3417 433 3496; x_wconf 81' lang='grc' dir='ltr'><strong><em>ἐάσας</em></strong></span> <span class='ocrx_word' id='word_1_211' title='bbox 461 3408 516 3482; x_wconf 81' lang='grc' dir='ltr'>σάν</span> <span class='ocrx_word' id='word_1_212' title='bbox 543 3418 601 3495; x_wconf 83' lang='grc' dir='ltr'>τάς</span> <span class='ocrx_word' id='word_1_213' title='bbox 629 3417 685 3484; x_wconf 77' lang='grc' dir='ltr'>δύο</span> <span class='ocrx_word' id='word_1_214' title='bbox 710 3415 1075 3512; x_wconf 71' lang='lat' dir='ltr'>(intellegeolartoioeig,</span> <span class='ocrx_word' id='word_1_215' title='bbox 1096 3415 1178 3503; x_wconf 78' lang='grc' dir='ltr'><strong><em>πρὸς</em></strong></span> <span class='ocrx_word' id='word_1_216' title='bbox 1205 3413 1264 3496; x_wconf 80' lang='grc' dir='ltr'>μὲν</span> 
     </span>
     <span class='ocr_line' id='line_1_27' title="bbox 75 3525 1266 3622; baseline -0.006 -24"><span class='ocrx_word' id='word_1_217' title='bbox 75 3532 134 3622; x_wconf 79' lang='grc' dir='ltr'>τήν</span> <span class='ocrx_word' id='word_1_218' title='bbox 148 3527 259 3620; x_wconf 65' lang='grc' dir='ltr'><strong><em>ἡδονήν</em></strong></span> <span class='ocrx_word' id='word_1_219' title='bbox 276 3531 331 3597; x_wconf 78' lang='grc' dir='ltr'>διά</span> <span class='ocrx_word' id='word_1_220' title='bbox 346 3531 382 3598; x_wconf 81' lang='grc' dir='ltr'>τά</span> <span class='ocrx_word' id='word_1_221' title='bbox 396 3529 630 3618; x_wconf 76' lang='grc' dir='ltr'><strong><em>ἐπιθυμητικόν,</em></strong></span> <span class='ocrx_word' id='word_1_222' title='bbox 652 3530 736 3616; x_wconf 79' lang='grc' dir='ltr'><strong><em>πρὸς</em></strong></span> <span class='ocrx_word' id='word_1_223' title='bbox 751 3531 785 3596; x_wconf 78' lang='grc' dir='ltr'>δὲ</span> <span class='ocrx_word' id='word_1_224' title='bbox 801 3530 856 3617; x_wconf 73' lang='grc' dir='ltr'>τὴν</span> <span class='ocrx_word' id='word_1_225' title='bbox 870 3528 956 3618; x_wconf 84' lang='grc' dir='ltr'><strong><em>νίκην</em></strong></span> <span class='ocrx_word' id='word_1_226' title='bbox 970 3529 1025 3595; x_wconf 78' lang='grc' dir='ltr'>διά</span> <span class='ocrx_word' id='word_1_227' title='bbox 1043 3528 1081 3595; x_wconf 85' lang='grc' dir='ltr'><em>τό</em></span> <span class='ocrx_word' id='word_1_228' title='bbox 1097 3525 1266 3612; x_wconf 69' lang='grc' dir='ltr'><strong><em>θυμοειδές</em></strong></span> 
     </span>
     <span class='ocr_line' id='line_1_28' title="bbox 76 3637 1261 3737; baseline -0.005 -25"><span class='ocrx_word' id='word_1_229' title='bbox 76 3650 191 3728; x_wconf 83' lang='grc'><strong>438,14</strong></span> <span class='ocrx_word' id='word_1_230' title='bbox 209 3650 263 3725; x_wconf 80' lang='lat' dir='ltr'>ss)</span> <span class='ocrx_word' id='word_1_231' title='bbox 286 3637 511 3725; x_wconf 74' lang='grc' dir='ltr'><strong><em>ὁΧράσιιττισς</em></strong></span> <span class='ocrx_word' id='word_1_232' title='bbox 525 3640 654 3721; x_wconf 82' lang='grc' dir='ltr'><strong><em>εἰκότως</em></strong></span> <span class='ocrx_word' id='word_1_233' title='bbox 673 3641 849 3727; x_wconf 83' lang='grc' dir='ltr'><strong><em>άντσρεῖν</em></strong></span> <span class='ocrx_word' id='word_1_234' title='bbox 871 3641 958 3737; x_wconf 71' lang='grc' dir='ltr'><strong><em>ἰρεῖ</em></strong></span> <span class='ocrx_word' id='word_1_235' title='bbox 978 3648 1049 3728; x_wconf 84' lang='grc' dir='ltr'>τῆς</span> <span class='ocrx_word' id='word_1_236' title='bbox 1069 3641 1170 3707; x_wconf 83' lang='grc' dir='ltr'><strong><em>κατά</em></strong></span> <span class='ocrx_word' id='word_1_237' title='bbox 1190 3639 1261 3728; x_wconf 78' lang='grc' dir='ltr'>τήν</span> 
     </span>
     <span class='ocr_line' id='line_1_29' title="bbox 75 3734 1261 3840; baseline -0.003 -18"><span class='ocrx_word' id='word_1_238' title='bbox 75 3761 222 3822; x_wconf 87' lang='grc' dir='ltr'><strong><em>κακίαν</em></strong></span> <span class='ocrx_word' id='word_1_239' title='bbox 246 3759 447 3839; x_wconf 75' lang='grc' dir='ltr'><strong><em>γενέσεως</em></strong></span> <span class='ocrx_word' id='word_1_240' title='bbox 467 3751 533 3819; x_wconf 75' lang='grc' dir='ltr'><strong><em>οὔτ’</em></strong></span> <span class='ocrx_word' id='word_1_241' title='bbox 548 3734 651 3825; x_wconf 82' lang='grc' dir='ltr'><strong><em>αἰτίαν</em></strong></span> <span class='ocrx_word' id='word_1_242' title='bbox 679 3753 761 3835; x_wconf 70' lang='grc' dir='ltr'><strong><em>ἔχων</em></strong></span> <span class='ocrx_word' id='word_1_243' title='bbox 782 3753 884 3818; x_wconf 81' lang='grc' dir='ltr'><strong><em>εἰπεῖν</em></strong></span> <span class='ocrx_word' id='word_1_244' title='bbox 911 3751 1010 3840; x_wconf 78' lang='grc' dir='ltr'><strong><em>αὐτῆς</em></strong></span> <span class='ocrx_word' id='word_1_245' title='bbox 1033 3754 1104 3827; x_wconf 82' lang='grc' dir='ltr'><strong><em>οὕτε</em></strong></span> <span class='ocrx_word' id='word_1_246' title='bbox 1125 3754 1261 3837; x_wconf 80' lang='grc' dir='ltr'><strong><em>τρόπους</em></strong></span> 
     </span>
    </p>
   </div>
   <div class='ocr_carea' id='block_1_5' title="bbox 73 3862 1260 4176">
    <p class='ocr_par' dir='ltr' id='par_1_6' title="bbox 73 3862 1260 4176">
     <span class='ocr_line' id='line_1_30' title="bbox 74 3862 1260 3956; baseline -0.001 -22"><span class='ocrx_word' id='word_1_247' title='bbox 74 3876 136 3956; x_wconf 76' lang='grc' dir='ltr'>τῆς</span> <span class='ocrx_word' id='word_1_248' title='bbox 153 3867 327 3943; x_wconf 85' lang='grc' dir='ltr'><strong><em>συστάσεως</em></strong></span> <span class='ocrx_word' id='word_1_249' title='bbox 347 3863 421 3931; x_wconf 74' lang='grc' dir='ltr'><strong><em>αὔθ’</em></strong></span> <span class='ocrx_word' id='word_1_250' title='bbox 436 3862 525 3943; x_wconf 80' lang='grc' dir='ltr'><strong><em>ὅπως</em></strong></span> <span class='ocrx_word' id='word_1_251' title='bbox 542 3865 719 3951; x_wconf 72' lang='grc' dir='ltr'><strong><em>ἁμαρτάνει</em></strong></span> <span class='ocrx_word' id='word_1_252' title='bbox 736 3865 778 3930; x_wconf 86' lang='grc' dir='ltr'>τά</span> <span class='ocrx_word' id='word_1_253' title='bbox 801 3865 914 3929; x_wconf 77' lang='grc' dir='ltr'><strong><em>παιδία</em></strong></span> <span class='ocrx_word' id='word_1_254' title='bbox 932 3865 1102 3947; x_wconf 80' lang='grc' dir='ltr'><strong><em>άυνάμενσς</em></strong></span> <span class='ocrx_word' id='word_1_255' title='bbox 1116 3862 1260 3953; x_wconf 67' lang='grc' dir='ltr'><strong><em>ἐξευρεῖν.</em></strong></span> 
     </span>
     <span class='ocr_line' id='line_1_31' title="bbox 80 3976 1259 4065; baseline -0.003 -21"><span class='ocrx_word' id='word_1_256' title='bbox 80 4057 83 4064; x_wconf 91' lang='lat'>.</span> <span class='ocrx_word' id='word_1_257' title='bbox 166 3978 279 4063; x_wconf 71' lang='lat' dir='ltr'>Verba</span> <span class='ocrx_word' id='word_1_258' title='bbox 306 3980 363 4064; x_wconf 68' lang='grc' dir='ltr'>τῆς</span> <span class='ocrx_word' id='word_1_259' title='bbox 380 3976 460 4059; x_wconf 76' lang='grc' dir='ltr'><strong><em>κατά</em></strong></span> <span class='ocrx_word' id='word_1_260' title='bbox 489 3978 545 4065; x_wconf 74' lang='grc' dir='ltr'>τήν</span> <span class='ocrx_word' id='word_1_261' title='bbox 565 3982 672 4042; x_wconf 88' lang='grc' dir='ltr'><strong><em>κακίαν</em></strong></span> <span class='ocrx_word' id='word_1_262' title='bbox 692 3983 841 4062; x_wconf 74' lang='grc' dir='ltr'><strong><em>γενέσεως</em></strong></span> <span class='ocrx_word' id='word_1_263' title='bbox 862 3977 1030 4059; x_wconf 81' lang='lat' dir='ltr'>quominus</span> <span class='ocrx_word' id='word_1_264' title='bbox 1059 4000 1133 4042; x_wconf 88' lang='lat' dir='ltr'>oum</span> <span class='ocrx_word' id='word_1_265' title='bbox 1157 3976 1259 4041; x_wconf 85' lang='grc' dir='ltr'><strong><em>αἰτίαν</em></strong></span> 
     </span>
     <span class='ocr_line' id='line_1_32' title="bbox 73 4086 1258 4176; baseline -0.003 -19"><span class='ocrx_word' id='word_1_266' title='bbox 73 4092 327 4172; x_wconf 83' lang='lat' dir='ltr'>coniungamus,</span> <span class='ocrx_word' id='word_1_267' title='bbox 357 4089 542 4173; x_wconf 87' lang='lat' dir='ltr'>pronomine</span> <span class='ocrx_word' id='word_1_268' title='bbox 566 4087 662 4176; x_wconf 76' lang='grc' dir='ltr'><strong><em>αὐτῆς</em></strong></span> <span class='ocrx_word' id='word_1_269' title='bbox 689 4088 896 4172; x_wconf 79' lang='lat' dir='ltr'>impedimur3</span> <span class='ocrx_word' id='word_1_270' title='bbox 928 4107 1001 4152; x_wconf 86' lang='lat' dir='ltr'>oum</span> <span class='ocrx_word' id='word_1_271' title='bbox 1027 4086 1162 4173; x_wconf 83' lang='grc' dir='ltr'><strong><em>άτισρεῖν</em></strong></span> <span class='ocrx_word' id='word_1_272' title='bbox 1183 4103 1258 4159; x_wconf 82' lang='lat' dir='ltr'>&#39;ve&#39;ro</span> 
     </span>
    </p>
   </div>
   <div class='ocr_carea' id='block_1_6' title="bbox 73 4244 1257 4421">
    <p class='ocr_par' dir='ltr' id='par_1_7' title="bbox 73 4244 1257 4421">
     <span class='ocr_line' id='line_1_33' title="bbox 149 4244 1257 4331; baseline 0.003 -19"><span class='ocrx_word' id='word_1_273' title='bbox 149 4259 172 4328; x_wconf 88' lang='lat'>¹)</span> <span class='ocrx_word' id='word_1_274' title='bbox 190 4259 264 4327; x_wconf 89' lang='lat' dir='ltr'>qnod</span> <span class='ocrx_word' id='word_1_275' title='bbox 283 4277 365 4327; x_wconf 89' lang='lat' dir='ltr'>quam</span> <span class='ocrx_word' id='word_1_276' title='bbox 390 4259 470 4313; x_wconf 81' lang='lat' dir='ltr'>facile</span> <span class='ocrx_word' id='word_1_277' title='bbox 492 4244 553 4312; x_wconf 84' lang='lat' dir='ltr'>fieri</span> <span class='ocrx_word' id='word_1_278' title='bbox 571 4260 695 4330; x_wconf 83' lang='lat' dir='ltr'>potuerit</span> <span class='ocrx_word' id='word_1_279' title='bbox 720 4277 775 4312; x_wconf 88' lang='lat' dir='ltr'>uon</span> <span class='ocrx_word' id='word_1_280' title='bbox 800 4258 942 4328; x_wconf 83' lang='lat' dir='ltr'>ignorabit</span> <span class='ocrx_word' id='word_1_281' title='bbox 967 4260 1014 4328; x_wconf 89' lang='lat' dir='ltr'>qui</span> <span class='ocrx_word' id='word_1_282' title='bbox 1038 4261 1079 4313; x_wconf 87' lang='lat' dir='ltr'>rei</span> <span class='ocrx_word' id='word_1_283' title='bbox 1098 4262 1257 4331; x_wconf 81' lang='lat' dir='ltr'>palaeogra-</span> 
     </span>
     <span class='ocr_line' id='line_1_34' title="bbox 73 4345 514 4421; baseline -0.009 -19"><span class='ocrx_word' id='word_1_284' title='bbox 73 4347 178 4421; x_wconf 80' lang='lat' dir='ltr'>phicae</span> <span class='ocrx_word' id='word_1_285' title='bbox 195 4345 270 4398; x_wconf 81' lang='lat' dir='ltr'>haud</span> <span class='ocrx_word' id='word_1_286' title='bbox 288 4345 433 4397; x_wconf 87' lang='lat' dir='ltr'>immemor</span> <span class='ocrx_word' id='word_1_287' title='bbox 451 4346 514 4399; x_wconf 84' lang='lat' dir='ltr'>erit.</span> 
     </span>
    </p>
   </div>
   <div class='ocr_carea' id='block_1_7' title="bbox 0 0 1482 4942">
    <p class='ocr_par' dir='ltr' id='par_1_8' title="bbox 0 0 1482 4942">
     <span class='ocr_line' id='line_1_35' title="bbox 0 0 1482 4942; baseline 0 2"><span class='ocrx_word' id='word_1_288' title='bbox 0 0 1482 4942; x_wconf 95' lang='lat' dir='ltr'> </span> 
     </span>
    </p>
   </div>
  </div>
 </body>
</html>
