<?xml version="1.0" encoding="UTF-8"?>
<!DOCTYPE html PUBLIC "-//W3C//DTD XHTML 1.0 Transitional//EN"
    "http://www.w3.org/TR/xhtml1/DTD/xhtml1-transitional.dtd">
<html xmlns="http://www.w3.org/1999/xhtml" xml:lang="en" lang="en">
 <head>
  <title>
</title>
<meta http-equiv="Content-Type" content="text/html;charset=utf-8" />
  <meta name='ocr-system' content='tesseract 3.04.00' />
  <meta name='ocr-capabilities' content='ocr_page ocr_carea ocr_par ocr_line ocrx_word'/>
</head>
<body>
  <div class='ocr_page' id='page_1' title='image "./ingalenideplaci00kalbgoog_0021.png"; bbox 0 0 2956 4942; ppageno 0'>
   <div class='ocr_carea' id='block_1_1' title="bbox 622 362 834 424">
    <p class='ocr_par' dir='ltr' id='par_1_1' title="bbox 622 362 834 424">
     <span class='ocr_line' id='line_1_1' title="bbox 622 362 834 424; baseline 0.005 -16"><span class='ocrx_word' id='word_1_1' title='bbox 622 362 834 424; x_wconf 80' lang='lat'>..14-</span> 
     </span>
    </p>
   </div>
   <div class='ocr_carea' id='block_1_2' title="bbox 141 550 1322 2313">
    <p class='ocr_par' dir='ltr' id='par_1_2' title="bbox 141 550 1322 2313">
     <span class='ocr_line' id='line_1_2' title="bbox 226 550 1309 640; baseline -0.001 -19"><span class='ocrx_word' id='word_1_2' title='bbox 226 555 457 640; x_wconf 76' lang='lat' dir='ltr'>Recipiendum</span> <span class='ocrx_word' id='word_1_3' title='bbox 477 555 651 639; x_wconf 81' lang='lat' dir='ltr'>essequod</span> <span class='ocrx_word' id='word_1_4' title='bbox 673 555 703 621; x_wconf 88' lang='lat' dir='ltr'>L</span> <span class='ocrx_word' id='word_1_5' title='bbox 724 555 858 640; x_wconf 78' lang='lat' dir='ltr'><strong>praebet</strong></span> <span class='ocrx_word' id='word_1_6' title='bbox 880 550 988 639; x_wconf 73' lang='grc' dir='ltr'><strong><em>ὥσπερ</em></strong></span> <span class='ocrx_word' id='word_1_7' title='bbox 1005 553 1037 621; x_wconf 82' lang='grc' dir='ltr'><strong><em>εί</em></strong></span> <span class='ocrx_word' id='word_1_8' title='bbox 1052 555 1108 619; x_wconf 81' lang='grc' dir='ltr'><strong><em>καὶ</em></strong></span> <span class='ocrx_word' id='word_1_9' title='bbox 1129 554 1309 638; x_wconf 73' lang='lat' dir='ltr'><strong>intellegitm</strong></span> 
     </span>
     <span class='ocr_line' id='line_1_3' title="bbox 141 666 1310 753; baseline 0.002 -23"><span class='ocrx_word' id='word_1_10' title='bbox 141 667 211 731; x_wconf 83' lang='lat' dir='ltr'>coll.</span> <span class='ocrx_word' id='word_1_11' title='bbox 233 672 326 750; x_wconf 80' lang='lat'>495‚7</span> <span class='ocrx_word' id='word_1_12' title='bbox 351 669 507 746; x_wconf 78' lang='grc' dir='ltr'><strong><em>πολλάκις</em></strong></span> <span class='ocrx_word' id='word_1_13' title='bbox 526 668 584 748; x_wconf 83' lang='grc' dir='ltr'><strong><em>μίν</em></strong></span> <span class='ocrx_word' id='word_1_14' title='bbox 606 667 666 753; x_wconf 86' lang='grc' dir='ltr'><strong><em>γάρ</em></strong></span> <span class='ocrx_word' id='word_1_15' title='bbox 689 666 799 733; x_wconf 77' lang='grc' dir='ltr'><strong><em>ἕπεται</em></strong></span> <span class='ocrx_word' id='word_1_16' title='bbox 826 673 872 753; x_wconf 74' lang='grc' dir='ltr'><strong><em>τῷ</em></strong></span> <span class='ocrx_word' id='word_1_17' title='bbox 890 667 1057 751; x_wconf 70' lang='grc' dir='ltr'><strong><em>θυμοειδεῖ</em></strong></span> <span class='ocrx_word' id='word_1_18' title='bbox 1074 666 1116 732; x_wconf 78' lang='grc' dir='ltr'><strong><em>τά</em></strong></span> <span class='ocrx_word' id='word_1_19' title='bbox 1138 666 1240 733; x_wconf 82' lang='grc' dir='ltr'><strong><em>λοιπά</em></strong></span> <span class='ocrx_word' id='word_1_20' title='bbox 1258 667 1310 747; x_wconf 77' lang='grc' dir='ltr'><strong><em>δύο,</em></strong></span> 
     </span>
     <span class='ocr_line' id='line_1_4' title="bbox 141 776 1312 865; baseline -0.003 -21"><span class='ocrx_word' id='word_1_21' title='bbox 141 780 296 856; x_wconf 82' lang='grc' dir='ltr'><strong><em>πολλάκις</em></strong></span> <span class='ocrx_word' id='word_1_22' title='bbox 316 780 350 845; x_wconf 79' lang='grc' dir='ltr'><strong><em>δὲ</em></strong></span> <span class='ocrx_word' id='word_1_23' title='bbox 372 785 417 865; x_wconf 76' lang='grc' dir='ltr'><strong><em>τῷ</em></strong></span> <span class='ocrx_word' id='word_1_24' title='bbox 438 778 658 864; x_wconf 74' lang='grc' dir='ltr'>ἐπιθυμητικῷ</span> <span class='ocrx_word' id='word_1_25' title='bbox 679 778 829 861; x_wconf 86' lang='grc' dir='ltr'><strong><em>καθάπερ</em></strong></span> <span class='ocrx_word' id='word_1_26' title='bbox 857 776 1008 860; x_wconf 76' lang='grc' dir='ltr'><strong><em>ἑλκόμενά</em></strong></span> <span class='ocrx_word' id='word_1_27' title='bbox 1033 801 1071 843; x_wconf 89' lang='grc' dir='ltr'><strong><em>τε</em></strong></span> <span class='ocrx_word' id='word_1_28' title='bbox 1097 779 1154 842; x_wconf 84' lang='grc' dir='ltr'><strong><em>καὶ</em></strong></span> <span class='ocrx_word' id='word_1_29' title='bbox 1176 779 1312 863; x_wconf 81' lang='grc' dir='ltr'><strong><em>ουράμινα</em></strong></span> 
     </span>
     <span class='ocr_line' id='line_1_5' title="bbox 142 885 1314 977; baseline 0 -23"><span class='ocrx_word' id='word_1_30' title='bbox 142 891 364 977; x_wconf 85' lang='grc' dir='ltr'><strong><em>παραπλήσιον</em></strong></span> <span class='ocrx_word' id='word_1_31' title='bbox 385 891 509 974; x_wconf 77' lang='grc' dir='ltr'><strong><em>τρόπον,</em></strong></span> <span class='ocrx_word' id='word_1_32' title='bbox 538 885 591 966; x_wconf 82' lang='grc' dir='ltr'><strong><em>ῶς</em></strong></span> <span class='ocrx_word' id='word_1_33' title='bbox 619 888 656 953; x_wconf 89' lang='grc' dir='ltr'><strong><em>εί</em></strong></span> <span class='ocrx_word' id='word_1_34' title='bbox 684 892 751 955; x_wconf 87' lang='grc' dir='ltr'><strong><em>καὶ</em></strong></span> <span class='ocrx_word' id='word_1_35' title='bbox 775 890 942 973; x_wconf 78' lang='grc' dir='ltr'><strong><em>ξυνωρίδος</em></strong></span> <span class='ocrx_word' id='word_1_36' title='bbox 960 888 1075 954; x_wconf 77' lang='grc' dir='ltr'><strong><em>ἳππων</em></strong></span> <span class='ocrx_word' id='word_1_37' title='bbox 1100 885 1121 953; x_wconf 82' lang='grc' dir='ltr'><em>ὅ</em></span> <span class='ocrx_word' id='word_1_38' title='bbox 1144 889 1206 972; x_wconf 78' lang='grc' dir='ltr'><strong><em>μὲν</em></strong></span> <span class='ocrx_word' id='word_1_39' title='bbox 1227 887 1314 973; x_wconf 68' lang='grc' dir='ltr'><strong><em>ἕτερος</em></strong></span> 
     </span>
     <span class='ocr_line' id='line_1_6' title="bbox 141 996 1316 1088; baseline -0.001 -21"><span class='ocrx_word' id='word_1_40' title='bbox 141 1001 337 1086; x_wconf 80' lang='grc' dir='ltr'><em>ἰσχυρότερον</em></span> <span class='ocrx_word' id='word_1_41' title='bbox 359 1000 438 1088; x_wconf 75' lang='grc' dir='ltr'><strong><em>ᾄξας</em></strong></span> <span class='ocrx_word' id='word_1_42' title='bbox 457 1000 598 1083; x_wconf 79' lang='grc' dir='ltr'><strong><em>ἐπισάρει</em></strong></span> <span class='ocrx_word' id='word_1_43' title='bbox 613 1002 665 1063; x_wconf 88' lang='grc' dir='ltr'><strong><em>τὸν</em></strong></span> <span class='ocrx_word' id='word_1_44' title='bbox 681 999 826 1083; x_wconf 78' lang='grc' dir='ltr'><strong><em>ἕτερον..</em></strong></span> <span class='ocrx_word' id='word_1_45' title='bbox 841 1051 859 1077; x_wconf 83' lang='grc'><strong><em>.,</em></strong></span> <span class='ocrx_word' id='word_1_46' title='bbox 883 997 901 1065; x_wconf 76' lang='grc' dir='ltr'><em>ὅ</em></span> <span class='ocrx_word' id='word_1_47' title='bbox 918 1000 949 1066; x_wconf 82' lang='grc' dir='ltr'><strong><em>δ’</em></strong></span> <span class='ocrx_word' id='word_1_48' title='bbox 962 999 1070 1087; x_wconf 75' lang='grc' dir='ltr'><strong><em>ἕτερος</em></strong></span> <span class='ocrx_word' id='word_1_49' title='bbox 1085 996 1149 1065; x_wconf 72' lang='grc' dir='ltr'><strong><em>ὑπ’</em></strong></span> <span class='ocrx_word' id='word_1_50' title='bbox 1163 998 1316 1079; x_wconf 72' lang='grc' dir='ltr'><strong><em>ἀσθενείας</em></strong></span> 
     </span>
     <span class='ocr_line' id='line_1_7' title="bbox 142 1109 1316 1197; baseline 0 -19"><span class='ocrx_word' id='word_1_51' title='bbox 142 1112 270 1193; x_wconf 79' lang='grc' dir='ltr'><strong><em>ἕπεται;</em></strong></span> <span class='ocrx_word' id='word_1_52' title='bbox 302 1119 390 1194; x_wconf 85' lang='grc' dir='ltr'><strong><em>799,ι</em></strong></span> <span class='ocrx_word' id='word_1_53' title='bbox 410 1111 497 1176; x_wconf 87' lang='grc' dir='ltr'><strong><em>αίτία</em></strong></span> <span class='ocrx_word' id='word_1_54' title='bbox 519 1110 554 1176; x_wconf 75' lang='grc' dir='ltr'><strong><em>δέ</em></strong></span> <span class='ocrx_word' id='word_1_55' title='bbox 574 1135 623 1189; x_wconf 89' lang='grc' dir='ltr'><strong><em>τις</em></strong></span> <span class='ocrx_word' id='word_1_56' title='bbox 643 1109 759 1195; x_wconf 86' lang='grc' dir='ltr'><strong><em>άλογάς</em></strong></span> <span class='ocrx_word' id='word_1_57' title='bbox 781 1113 885 1177; x_wconf 83' lang='grc' dir='ltr'><strong><em>τεκαὶ</em></strong></span> <span class='ocrx_word' id='word_1_58' title='bbox 905 1111 1033 1193; x_wconf 81' lang='grc' dir='ltr'><strong><em>ἄτεχνος</em></strong></span> <span class='ocrx_word' id='word_1_59' title='bbox 1054 1110 1230 1197; x_wconf 70' lang='grc' dir='ltr'><em>εἰργάσατο</em></span> <span class='ocrx_word' id='word_1_60' title='bbox 1248 1113 1316 1178; x_wconf 80' lang='grc' dir='ltr'><strong><em>κατά</em></strong></span> 
     </span>
     <span class='ocr_line' id='line_1_8' title="bbox 141 1219 1318 1311; baseline -0.001 -20"><span class='ocrx_word' id='word_1_61' title='bbox 141 1224 237 1311; x_wconf 79' lang='grc' dir='ltr'><strong><em>τύχην</em></strong></span> <span class='ocrx_word' id='word_1_62' title='bbox 258 1221 341 1291; x_wconf 67' lang='grc' dir='ltr'><strong><em>οὕτω</em></strong></span> <span class='ocrx_word' id='word_1_63' title='bbox 365 1225 459 1288; x_wconf 86' lang='grc' dir='ltr'><strong><em>καλὸν</em></strong></span> <span class='ocrx_word' id='word_1_64' title='bbox 482 1219 577 1286; x_wconf 83' lang='grc' dir='ltr'><strong><em>αάτάν</em></strong></span> <span class='ocrx_word' id='word_1_65' title='bbox 598 1224 662 1303; x_wconf 82' lang='grc' dir='ltr'><strong><em>(τὸν</em></strong></span> <span class='ocrx_word' id='word_1_66' title='bbox 680 1224 814 1305; x_wconf 80' lang='grc' dir='ltr'><strong>κόσμον),</strong></span> <span class='ocrx_word' id='word_1_67' title='bbox 833 1220 861 1287; x_wconf 83' lang='lat' dir='ltr'><strong><em>w‘</em></strong></span> <span class='ocrx_word' id='word_1_68' title='bbox 868 1247 885 1300; x_wconf 89' lang='grc' dir='ltr'><strong><em>ς</em></strong></span> <span class='ocrx_word' id='word_1_69' title='bbox 906 1222 942 1288; x_wconf 84' lang='grc' dir='ltr'><strong><em>εἰ</em></strong></span> <span class='ocrx_word' id='word_1_70' title='bbox 969 1224 1038 1287; x_wconf 82' lang='grc' dir='ltr'><strong><em>καὶ</em></strong></span> <span class='ocrx_word' id='word_1_71' title='bbox 1059 1225 1143 1302; x_wconf 79' lang='grc' dir='ltr'><strong><em>θεὸς</em></strong></span> <span class='ocrx_word' id='word_1_72' title='bbox 1164 1221 1318 1291; x_wconf 69' lang='grc' dir='ltr'><strong><em>ἐπεστάτει</em></strong></span> 
     </span>
     <span class='ocr_line' id='line_1_9' title="bbox 141 1331 1319 1422; baseline 0.003 -25"><span class='ocrx_word' id='word_1_73' title='bbox 141 1343 181 1422; x_wconf 78' lang='grc' dir='ltr'><strong><em>τῇ</em></strong></span> <span class='ocrx_word' id='word_1_74' title='bbox 207 1341 393 1421; x_wconf 77' lang='grc' dir='ltr'><strong><em>κατασιωῇ;</em></strong></span> <span class='ocrx_word' id='word_1_75' title='bbox 428 1337 537 1413; x_wconf 75' lang='lat'><strong>672,1⁸</strong></span> <span class='ocrx_word' id='word_1_76' title='bbox 560 1333 595 1395; x_wconf 88' lang='grc' dir='ltr'><strong><em>τὸ</em></strong></span> <span class='ocrx_word' id='word_1_77' title='bbox 624 1331 774 1419; x_wconf 82' lang='grc' dir='ltr'><strong><em>αίσθήτὸν</em></strong></span> <span class='ocrx_word' id='word_1_78' title='bbox 801 1335 887 1399; x_wconf 83' lang='grc' dir='ltr'><strong><em>τουτί</em></strong></span> <span class='ocrx_word' id='word_1_79' title='bbox 915 1340 980 1417; x_wconf 83' lang='grc' dir='ltr'><strong><em>πάρ</em></strong></span> <span class='ocrx_word' id='word_1_80' title='bbox 1008 1332 1137 1419; x_wconf 88' lang='grc' dir='ltr'><strong><em>άθρόσν</em></strong></span> <span class='ocrx_word' id='word_1_81' title='bbox 1168 1334 1319 1421; x_wconf 75' lang='grc' dir='ltr'><strong><em>ἄθροισμα</em></strong></span> 
     </span>
     <span class='ocr_line' id='line_1_10' title="bbox 142 1439 1319 1533; baseline -0.001 -21"><span class='ocrx_word' id='word_1_82' title='bbox 142 1448 260 1528; x_wconf 76' lang='grc' dir='ltr'><strong><em>νομίζει</em></strong></span> <span class='ocrx_word' id='word_1_83' title='bbox 291 1444 322 1529; x_wconf 84' lang='grc' dir='ltr'><strong><em>(ὁ</em></strong></span> <span class='ocrx_word' id='word_1_84' title='bbox 353 1447 497 1525; x_wconf 79' lang='grc' dir='ltr'><strong><em>Πλάτων)</em></strong></span> <span class='ocrx_word' id='word_1_85' title='bbox 532 1451 670 1527; x_wconf 80' lang='grc' dir='ltr'><strong><em>σμικρῶν</em></strong></span> <span class='ocrx_word' id='word_1_86' title='bbox 699 1439 779 1510; x_wconf 86' lang='grc' dir='ltr'><strong><em>είναι</em></strong></span> <span class='ocrx_word' id='word_1_87' title='bbox 809 1445 962 1527; x_wconf 83' lang='grc' dir='ltr'><strong><em>σωμάτιον</em></strong></span> <span class='ocrx_word' id='word_1_88' title='bbox 992 1446 1028 1509; x_wconf 84' lang='grc' dir='ltr'><strong><em>τὸ</em></strong></span> <span class='ocrx_word' id='word_1_89' title='bbox 1058 1451 1173 1533; x_wconf 79' lang='grc' dir='ltr'><strong><em>σχῆμα</em></strong></span> <span class='ocrx_word' id='word_1_90' title='bbox 1205 1445 1319 1511; x_wconf 86' lang='grc' dir='ltr'><strong><em>πάντων</em></strong></span> 
     </span>
     <span class='ocr_line' id='line_1_11' title="bbox 142 1546 1320 1644; baseline -0.001 -21"><span class='ocrx_word' id='word_1_91' title='bbox 142 1559 274 1639; x_wconf 85' lang='grc' dir='ltr'><strong><em>ἑχόντων</em></strong></span> <span class='ocrx_word' id='word_1_92' title='bbox 304 1555 633 1643; x_wconf 81' lang='grc' dir='ltr'><strong><em>πυραμίδος·ε’κείνων</em></strong></span> <span class='ocrx_word' id='word_1_93' title='bbox 661 1546 716 1620; x_wconf 80' lang='grc' dir='ltr'><strong><em>οὖν</em></strong></span> <span class='ocrx_word' id='word_1_94' title='bbox 745 1553 871 1619; x_wconf 67' lang='grc' dir='ltr'><strong><em>ἕκαστον</em></strong></span> <span class='ocrx_word' id='word_1_95' title='bbox 893 1568 1047 1637; x_wconf 84' lang='grc' dir='ltr'><strong><em>στοιχεῖον</em></strong></span> <span class='ocrx_word' id='word_1_96' title='bbox 1069 1551 1157 1622; x_wconf 77' lang='grc' dir='ltr'><strong><em>εἶναί</em></strong></span> <span class='ocrx_word' id='word_1_97' title='bbox 1179 1578 1259 1644; x_wconf 82' lang='grc' dir='ltr'><strong><em>φησι</em></strong></span> <span class='ocrx_word' id='word_1_98' title='bbox 1274 1564 1320 1622; x_wconf 77' lang='grc' dir='ltr'><strong><em>τοῦ</em></strong></span> 
     </span>
     <span class='ocr_line' id='line_1_12' title="bbox 143 1663 1322 1753; baseline -0.001 -19"><span class='ocrx_word' id='word_1_99' title='bbox 143 1672 250 1753; x_wconf 85' lang='grc' dir='ltr'><strong><em>πυράς,</em></strong></span> <span class='ocrx_word' id='word_1_100' title='bbox 281 1665 334 1747; x_wconf 78' lang='grc' dir='ltr'><strong><em>ιάς</em></strong></span> <span class='ocrx_word' id='word_1_101' title='bbox 361 1668 397 1734; x_wconf 81' lang='grc' dir='ltr'><strong><em>εἰ</em></strong></span> <span class='ocrx_word' id='word_1_102' title='bbox 427 1670 493 1733; x_wconf 84' lang='grc' dir='ltr'><strong><em>καὶ</em></strong></span> <span class='ocrx_word' id='word_1_103' title='bbox 519 1674 575 1733; x_wconf 87' lang='grc' dir='ltr'><strong><em>τοῦ</em></strong></span> <span class='ocrx_word' id='word_1_104' title='bbox 596 1672 660 1730; x_wconf 87' lang='grc' dir='ltr'><strong><em>τῶν</em></strong></span> <span class='ocrx_word' id='word_1_105' title='bbox 685 1673 795 1750; x_wconf 87' lang='grc' dir='ltr'><strong><em>πυρῶν</em></strong></span> <span class='ocrx_word' id='word_1_106' title='bbox 816 1674 920 1749; x_wconf 86' lang='grc' dir='ltr'><strong><em>σωροῦ</em></strong></span> <span class='ocrx_word' id='word_1_107' title='bbox 940 1678 1096 1748; x_wconf 84' lang='grc' dir='ltr'><strong><em>στοιχεῖον</em></strong></span> <span class='ocrx_word' id='word_1_108' title='bbox 1120 1667 1234 1752; x_wconf 79' lang='grc' dir='ltr'><strong><em>ἔλεγεν</em></strong></span> <span class='ocrx_word' id='word_1_109' title='bbox 1254 1663 1322 1734; x_wconf 84' lang='grc' dir='ltr'><strong><em>είναί</em></strong></span> 
     </span>
     <span class='ocr_line' id='line_1_13' title="bbox 142 1776 1321 1864; baseline 0.001 -20"><span class='ocrx_word' id='word_1_110' title='bbox 142 1805 192 1858; x_wconf 86' lang='grc' dir='ltr'><strong><em>τις</em></strong></span> <span class='ocrx_word' id='word_1_111' title='bbox 212 1778 338 1845; x_wconf 74' lang='grc' dir='ltr'><strong><em>ἕκαστον</em></strong></span> <span class='ocrx_word' id='word_1_112' title='bbox 367 1787 429 1844; x_wconf 87' lang='grc' dir='ltr'><strong><em>τῶν</em></strong></span> <span class='ocrx_word' id='word_1_113' title='bbox 452 1785 577 1863; x_wconf 86' lang='grc' dir='ltr'><strong><em>πι·ρῶν;</em></strong></span> <span class='ocrx_word' id='word_1_114' title='bbox 608 1778 667 1842; x_wconf 92' lang='grc' dir='ltr'><strong><em>ΧΙ</em></strong></span> <span class='ocrx_word' id='word_1_115' title='bbox 689 1782 797 1859; x_wconf 75' lang='lat'>388‚13</span> <span class='ocrx_word' id='word_1_116' title='bbox 818 1780 927 1860; x_wconf 86' lang='grc' dir='ltr'><strong><em>μικτὸν</em></strong></span> <span class='ocrx_word' id='word_1_117' title='bbox 954 1776 1013 1864; x_wconf 82' lang='grc' dir='ltr'><strong><em>ήάή</em></strong></span> <span class='ocrx_word' id='word_1_118' title='bbox 1041 1779 1079 1841; x_wconf 88' lang='grc' dir='ltr'><strong><em>τὸ</em></strong></span> <span class='ocrx_word' id='word_1_119' title='bbox 1097 1783 1250 1845; x_wconf 84' lang='grc' dir='ltr'><strong><em>τοιοῦτόν</em></strong></span> <span class='ocrx_word' id='word_1_120' title='bbox 1269 1779 1321 1846; x_wconf 76' lang='grc' dir='ltr'><strong><em>ἐστι</em></strong></span> 
     </span>
     <span class='ocr_line' id='line_1_14' title="bbox 143 1884 1321 1976; baseline 0 -20"><span class='ocrx_word' id='word_1_121' title='bbox 143 1894 196 1956; x_wconf 85' lang='grc' dir='ltr'><strong><em>καὶ</em></strong></span> <span class='ocrx_word' id='word_1_122' title='bbox 217 1890 272 1956; x_wconf 84' lang='grc' dir='ltr'><strong><em>οάκ</em></strong></span> <span class='ocrx_word' id='word_1_123' title='bbox 301 1893 438 1976; x_wconf 87' lang='grc' dir='ltr'><strong><em>άκριβῶς</em></strong></span> <span class='ocrx_word' id='word_1_124' title='bbox 464 1886 559 1972; x_wconf 77' lang='grc' dir='ltr'><strong><em>ὕδωρ,</em></strong></span> <span class='ocrx_word' id='word_1_125' title='bbox 590 1884 724 1972; x_wconf 74' lang='grc' dir='ltr'><strong><em>ὥσπερ</em></strong></span> <span class='ocrx_word' id='word_1_126' title='bbox 751 1888 787 1954; x_wconf 88' lang='grc' dir='ltr'><strong><em>εί</em></strong></span> <span class='ocrx_word' id='word_1_127' title='bbox 815 1892 881 1954; x_wconf 86' lang='grc' dir='ltr'><strong><em>καὶ</em></strong></span> <span class='ocrx_word' id='word_1_128' title='bbox 910 1889 947 1955; x_wconf 83' lang='grc' dir='ltr'><strong><em>σά</em></strong></span> <span class='ocrx_word' id='word_1_129' title='bbox 974 1890 1171 1976; x_wconf 76' lang='grc' dir='ltr'><strong><em>βουληθείης</em></strong></span> <span class='ocrx_word' id='word_1_130' title='bbox 1199 1886 1321 1976; x_wconf 83' lang='grc' dir='ltr'><strong><em>αάτόςή</em></strong></span> 
     </span>
     <span class='ocr_line' id='line_1_15' title="bbox 143 1998 1321 2089; baseline 0.002 -23"><span class='ocrx_word' id='word_1_131' title='bbox 143 2000 231 2067; x_wconf 88' lang='grc' dir='ltr'><strong><em>άλῶν</em></strong></span> <span class='ocrx_word' id='word_1_132' title='bbox 259 1999 280 2089; x_wconf 86' lang='grc' dir='ltr'><strong><em>ή</em></strong></span> <span class='ocrx_word' id='word_1_133' title='bbox 305 2001 493 2089; x_wconf 78' lang='grc' dir='ltr'><strong><em>στυπτηρίας</em></strong></span> <span class='ocrx_word' id='word_1_134' title='bbox 520 2000 541 2087; x_wconf 88' lang='grc' dir='ltr'><strong><em>ή</em></strong></span> <span class='ocrx_word' id='word_1_135' title='bbox 570 2024 654 2077; x_wconf 89' lang='grc' dir='ltr'><strong><em>τινος</em></strong></span> <span class='ocrx_word' id='word_1_136' title='bbox 678 1999 783 2082; x_wconf 82' lang='grc' dir='ltr'><strong><em>ἑτέρου</em></strong></span> <span class='ocrx_word' id='word_1_137' title='bbox 812 1999 952 2066; x_wconf 77' lang='grc' dir='ltr'><strong><em>τοιούτω</em></strong></span> <span class='ocrx_word' id='word_1_138' title='bbox 977 2002 1072 2082; x_wconf 84' lang='grc' dir='ltr'><strong><em>μῖξαι</em></strong></span> <span class='ocrx_word' id='word_1_139' title='bbox 1098 2003 1220 2081; x_wconf 86' lang='grc' dir='ltr'><strong><em>συχνὸν</em></strong></span> <span class='ocrx_word' id='word_1_140' title='bbox 1246 1998 1321 2068; x_wconf 62' lang='lat' dir='ltr'><strong><em>&amp;aaa</em></strong></span> 
     </span>
     <span class='ocr_line' id='line_1_16' title="bbox 144 2106 1322 2200; baseline 0.002 -22"><span class='ocrx_word' id='word_1_141' title='bbox 144 2120 279 2200; x_wconf 83' lang='grc' dir='ltr'><strong><em>ποτίμῳ.</em></strong></span> <span class='ocrx_word' id='word_1_142' title='bbox 313 2136 371 2178; x_wconf 75' lang='lat' dir='ltr'><strong><em>nee</em></strong></span> <span class='ocrx_word' id='word_1_143' title='bbox 407 2115 512 2178; x_wconf 90' lang='lat' dir='ltr'>minus</span> <span class='ocrx_word' id='word_1_144' title='bbox 544 2113 614 2177; x_wconf 84' lang='lat' dir='ltr'>coll.</span> <span class='ocrx_word' id='word_1_145' title='bbox 648 2116 738 2191; x_wconf 77' lang='lat'>728‚3</span> <span class='ocrx_word' id='word_1_146' title='bbox 767 2106 850 2192; x_wconf 75' lang='grc' dir='ltr'><strong><em>(ἄλλ’</em></strong></span> <span class='ocrx_word' id='word_1_147' title='bbox 882 2111 918 2177; x_wconf 88' lang='grc' dir='ltr'><strong><em>εί</em></strong></span> <span class='ocrx_word' id='word_1_148' title='bbox 948 2112 1014 2175; x_wconf 85' lang='grc' dir='ltr'><strong><em>καὶ</em></strong></span> <span class='ocrx_word' id='word_1_149' title='bbox 1048 2110 1134 2196; x_wconf 76' lang='grc' dir='ltr'><strong><em>ζῶον</em></strong></span> <span class='ocrx_word' id='word_1_150' title='bbox 1150 2160 1180 2176; x_wconf 90' lang='grc'><strong><em>..</em></strong></span> <span class='ocrx_word' id='word_1_151' title='bbox 1200 2114 1322 2200; x_wconf 72' lang='grc' dir='ltr'><strong><em>διψήσει</em></strong></span> 
     </span>
     <span class='ocr_line' id='line_1_17' title="bbox 144 2219 1321 2313; baseline -0.002 -23"><span class='ocrx_word' id='word_1_152' title='bbox 144 2225 295 2313; x_wconf 82' lang='grc' dir='ltr'><strong><em>ποιήσεις,</em></strong></span> <span class='ocrx_word' id='word_1_153' title='bbox 328 2221 373 2301; x_wconf 82' lang='grc' dir='ltr'><strong><em>ῶς</em></strong></span> <span class='ocrx_word' id='word_1_154' title='bbox 397 2230 610 2308; x_wconf 84' lang='grc' dir='ltr'><strong><em>κεχρωσμένον</em></strong></span> <span class='ocrx_word' id='word_1_155' title='bbox 639 2219 724 2305; x_wconf 72' lang='grc' dir='ltr'><strong><em>ὕδωρ</em></strong></span> <span class='ocrx_word' id='word_1_156' title='bbox 753 2220 925 2305; x_wconf 77' lang='grc' dir='ltr'><strong><em>ὑπομεῖναι</em></strong></span> <span class='ocrx_word' id='word_1_157' title='bbox 955 2233 1088 2287; x_wconf 85' lang='grc' dir='ltr'><strong><em>πιεῖν..</em></strong></span> <span class='ocrx_word' id='word_1_158' title='bbox 1107 2219 1260 2311; x_wconf 72' lang='grc' dir='ltr'><strong><em>εὑρήσεις</em></strong></span> <span class='ocrx_word' id='word_1_159' title='bbox 1284 2247 1321 2288; x_wconf 84' lang='grc' dir='ltr'><strong><em>ιε·</em></strong></span> 
     </span>
    </p>
   </div>
   <div class='ocr_carea' id='block_1_3' title="bbox 33 2324 1353 2423">
    <p class='ocr_par' dir='ltr' id='par_1_3' title="bbox 33 2324 1353 2423">
     <span class='ocr_line' id='line_1_18' title="bbox 33 2324 1353 2423; baseline -0.001 -23"><span class='ocrx_word' id='word_1_160' title='bbox 33 2324 37 2330; x_wconf 55' lang='grc'><strong>’</strong></span> <span class='ocrx_word' id='word_1_161' title='bbox 144 2336 320 2422; x_wconf 84' lang='grc' dir='ltr'><strong><em>χρωσμένον</em></strong></span> <span class='ocrx_word' id='word_1_162' title='bbox 351 2338 403 2400; x_wconf 86' lang='grc' dir='ltr'><strong><em>τὸν</em></strong></span> <span class='ocrx_word' id='word_1_163' title='bbox 431 2337 605 2417; x_wconf 85' lang='grc' dir='ltr'><strong><em>πνεύμονα)</em></strong></span> <span class='ocrx_word' id='word_1_164' title='bbox 625 2356 737 2399; x_wconf 80' lang='lat' dir='ltr'>verum</span> <span class='ocrx_word' id='word_1_165' title='bbox 766 2356 834 2400; x_wconf 84' lang='lat' dir='ltr'>esse</span> <span class='ocrx_word' id='word_1_166' title='bbox 864 2334 1011 2398; x_wconf 84' lang='lat' dir='ltr'><strong>existimo</strong></span> <span class='ocrx_word' id='word_1_167' title='bbox 1041 2335 1136 2415; x_wconf 84' lang='lat' dir='ltr'><strong>quod</strong></span> <span class='ocrx_word' id='word_1_168' title='bbox 1159 2341 1275 2419; x_wconf 71' lang='lat'>558,12</span> <span class='ocrx_word' id='word_1_169' title='bbox 1290 2337 1322 2399; x_wconf 74' lang='grc' dir='ltr'><strong><em>λε</em></strong></span> <span class='ocrx_word' id='word_1_170' title='bbox 1350 2418 1353 2423; x_wconf 27' lang='grc' dir='ltr'>Ι</span> 
     </span>
    </p>
   </div>
   <div class='ocr_carea' id='block_1_4' title="bbox 143 2437 1321 3181">
    <p class='ocr_par' dir='ltr' id='par_1_4' title="bbox 143 2437 1321 3181">
     <span class='ocr_line' id='line_1_19' title="bbox 144 2437 1321 2534; baseline -0.003 -21"><span class='ocrx_word' id='word_1_171' title='bbox 144 2449 247 2531; x_wconf 84' lang='lat' dir='ltr'><strong>gitur:</strong></span> <span class='ocrx_word' id='word_1_172' title='bbox 270 2443 377 2531; x_wconf 75' lang='grc' dir='ltr'><strong><em>ὥσπερ</em></strong></span> <span class='ocrx_word' id='word_1_173' title='bbox 397 2437 452 2512; x_wconf 82' lang='grc' dir='ltr'><strong><em>οὖν</em></strong></span> <span class='ocrx_word' id='word_1_174' title='bbox 473 2445 505 2511; x_wconf 84' lang='grc' dir='ltr'><strong><em>εἲ</em></strong></span> <span class='ocrx_word' id='word_1_175' title='bbox 516 2470 564 2523; x_wconf 93' lang='grc' dir='ltr'><strong><em>τις</em></strong></span> <span class='ocrx_word' id='word_1_176' title='bbox 578 2442 643 2510; x_wconf 80' lang='grc' dir='ltr'><strong><em>άπό</em></strong></span> <span class='ocrx_word' id='word_1_177' title='bbox 658 2445 774 2528; x_wconf 81' lang='grc' dir='ltr'><strong><em>νεύρων</em></strong></span> <span class='ocrx_word' id='word_1_178' title='bbox 795 2441 815 2532; x_wconf 85' lang='grc' dir='ltr'>ἢ</span> <span class='ocrx_word' id='word_1_179' title='bbox 836 2441 957 2527; x_wconf 72' lang='grc' dir='ltr'><strong><em>ὑμένων</em></strong></span> <span class='ocrx_word' id='word_1_180' title='bbox 977 2438 1000 2531; x_wconf 82' lang='grc' dir='ltr'>ἢ</span> <span class='ocrx_word' id='word_1_181' title='bbox 1021 2439 1130 2510; x_wconf 82' lang='grc' dir='ltr'><strong><em>ὀστῶν</em></strong></span> <span class='ocrx_word' id='word_1_182' title='bbox 1153 2442 1174 2534; x_wconf 84' lang='grc' dir='ltr'>ἢ</span> <span class='ocrx_word' id='word_1_183' title='bbox 1199 2448 1321 2533; x_wconf 78' lang='grc' dir='ltr'><strong><em>χόνδρου</em></strong></span> 
     </span>
     <span class='ocr_line' id='line_1_20' title="bbox 143 2554 1320 2646; baseline 0.002 -24"><span class='ocrx_word' id='word_1_184' title='bbox 143 2557 164 2645; x_wconf 84' lang='grc' dir='ltr'><strong><em>ή</em></strong></span> <span class='ocrx_word' id='word_1_185' title='bbox 194 2561 330 2646; x_wconf 82' lang='grc' dir='ltr'><strong><em>πιμελής</em></strong></span> <span class='ocrx_word' id='word_1_186' title='bbox 358 2554 379 2643; x_wconf 86' lang='grc' dir='ltr'><strong><em>ή</em></strong></span> <span class='ocrx_word' id='word_1_187' title='bbox 404 2554 487 2634; x_wconf 85' lang='grc' dir='ltr'><strong><em>ὅλως</em></strong></span> <span class='ocrx_word' id='word_1_188' title='bbox 515 2555 648 2640; x_wconf 88' lang='grc' dir='ltr'><strong><em>άναίμου</em></strong></span> <span class='ocrx_word' id='word_1_189' title='bbox 678 2558 824 2639; x_wconf 82' lang='grc' dir='ltr'><strong><em>σώματος</em></strong></span> <span class='ocrx_word' id='word_1_190' title='bbox 850 2556 967 2642; x_wconf 67' lang='grc' dir='ltr'><strong><em>ἔφασκε</em></strong></span> <span class='ocrx_word' id='word_1_191' title='bbox 996 2560 1149 2639; x_wconf 85' lang='grc' dir='ltr'><strong><em>γίνεσθαι</em></strong></span> <span class='ocrx_word' id='word_1_192' title='bbox 1180 2561 1220 2623; x_wconf 88' lang='grc' dir='ltr'><strong><em>τὸ</em></strong></span> <span class='ocrx_word' id='word_1_193' title='bbox 1249 2556 1320 2641; x_wconf 82' lang='grc' dir='ltr'><strong><em>οίμα</em></strong></span> 
     </span>
     <span class='ocr_line' id='line_1_21' title="bbox 145 2661 1320 2755; baseline -0.004 -19"><span class='ocrx_word' id='word_1_194' title='bbox 145 2677 339 2755; x_wconf 80' lang='grc' dir='ltr'><strong><em>κατέγνωμεν</em></strong></span> <span class='ocrx_word' id='word_1_195' title='bbox 366 2665 404 2733; x_wconf 83' lang='grc' dir='ltr'><strong><em>άν</em></strong></span> <span class='ocrx_word' id='word_1_196' title='bbox 434 2668 568 2749; x_wconf 78' lang='grc' dir='ltr'><strong><em>ἑτοίμους</em></strong></span> <span class='ocrx_word' id='word_1_197' title='bbox 594 2666 701 2743; x_wconf 72' lang='grc' dir='ltr'><strong><em>αὐτοῦ,</em></strong></span> <span class='ocrx_word' id='word_1_198' title='bbox 727 2667 806 2732; x_wconf 82' lang='grc' dir='ltr'><strong><em>κατά</em></strong></span> <span class='ocrx_word' id='word_1_199' title='bbox 835 2669 888 2732; x_wconf 84' lang='grc' dir='ltr'><strong><em>τὸν</em></strong></span> <span class='ocrx_word' id='word_1_200' title='bbox 915 2664 1011 2731; x_wconf 82' lang='grc' dir='ltr'><strong><em>ου’τὸν</em></strong></span> <span class='ocrx_word' id='word_1_201' title='bbox 1036 2661 1133 2749; x_wconf 80' lang='grc' dir='ltr'><strong><em>οἶμαι</em></strong></span> <span class='ocrx_word' id='word_1_202' title='bbox 1157 2670 1279 2753; x_wconf 87' lang='grc' dir='ltr'><strong><em>τρόπον</em></strong></span> <span class='ocrx_word' id='word_1_203' title='bbox 1295 2665 1320 2734; x_wconf 87' lang='grc' dir='ltr'><strong><em>εἰ</em></strong></span> 
     </span>
     <span class='ocr_line' id='line_1_22' title="bbox 144 2777 1319 2868; baseline 0 -21"><span class='ocrx_word' id='word_1_204' title='bbox 144 2783 212 2847; x_wconf 83' lang='grc' dir='ltr'><strong><em>καὶ</em></strong></span> <span class='ocrx_word' id='word_1_205' title='bbox 240 2793 306 2858; x_wconf 90' lang='grc' dir='ltr'><strong><em>τοῖς</em></strong></span> <span class='ocrx_word' id='word_1_206' title='bbox 333 2787 397 2845; x_wconf 88' lang='grc' dir='ltr'><strong><em>τῶν</em></strong></span> <span class='ocrx_word' id='word_1_207' title='bbox 424 2781 551 2865; x_wconf 82' lang='grc' dir='ltr'><strong><em>φλεβῶν</em></strong></span> <span class='ocrx_word' id='word_1_208' title='bbox 583 2786 692 2860; x_wconf 87' lang='grc' dir='ltr'><strong><em>χιτῶσι</em></strong></span> <span class='ocrx_word' id='word_1_209' title='bbox 722 2777 800 2843; x_wconf 86' lang='grc' dir='ltr'><strong><em>κατά</em></strong></span> <span class='ocrx_word' id='word_1_210' title='bbox 822 2777 878 2865; x_wconf 87' lang='grc' dir='ltr'><strong><em>τήν</em></strong></span> <span class='ocrx_word' id='word_1_211' title='bbox 907 2778 1026 2842; x_wconf 81' lang='grc' dir='ltr'><strong><em>ἑαυτῶν</em></strong></span> <span class='ocrx_word' id='word_1_212' title='bbox 1048 2778 1151 2863; x_wconf 75' lang='grc' dir='ltr'><strong><em>φύσιν</em></strong></span> <span class='ocrx_word' id='word_1_213' title='bbox 1182 2779 1319 2868; x_wconf 75' lang='grc' dir='ltr'><strong><em>ἀναφέροι</em></strong></span> 
     </span>
     <span class='ocr_line' id='line_1_23' title="bbox 144 2889 1318 2977; baseline -0.001 -18"><span class='ocrx_word' id='word_1_214' title='bbox 144 2893 261 2977; x_wconf 83' lang='grc' dir='ltr'><strong><em>γένεσιν</em></strong></span> <span class='ocrx_word' id='word_1_215' title='bbox 282 2891 425 2975; x_wconf 80' lang='grc' dir='ltr'><strong><em>αἵματος,</em></strong></span> <span class='ocrx_word' id='word_1_216' title='bbox 446 2891 502 2957; x_wconf 92' lang='lat' dir='ltr'><strong><em>ubi</em></strong></span> <span class='ocrx_word' id='word_1_217' title='bbox 523 2891 574 2954; x_wconf 86' lang='grc' dir='ltr'><strong><em>καὶ</em></strong></span> <span class='ocrx_word' id='word_1_218' title='bbox 597 2891 738 2956; x_wconf 84' lang='lat' dir='ltr'><strong>deletum</strong></span> <span class='ocrx_word' id='word_1_219' title='bbox 761 2898 848 2956; x_wconf 80' lang='lat' dir='ltr'><strong>esta</strong></span> <span class='ocrx_word' id='word_1_220' title='bbox 863 2889 1035 2968; x_wconf 87' lang='lat' dir='ltr'>Muellero;</span> <span class='ocrx_word' id='word_1_221' title='bbox 1060 2895 1097 2954; x_wconf 84' lang='lat' dir='ltr'><strong><em>at</em></strong></span> <span class='ocrx_word' id='word_1_222' title='bbox 1121 2913 1164 2956; x_wconf 82' lang='lat' dir='ltr'><strong><em>ex</em></strong></span> <span class='ocrx_word' id='word_1_223' title='bbox 1188 2894 1238 2960; x_wconf 80' lang='lat' dir='ltr'><strong><em>eis</em></strong></span> <span class='ocrx_word' id='word_1_224' title='bbox 1256 2912 1318 2976; x_wconf 74' lang='lat' dir='ltr'><strong>quat</strong></span> 
     </span>
     <span class='ocr_line' id='line_1_24' title="bbox 146 2999 1317 3088; baseline 0.002 -18"><span class='ocrx_word' id='word_1_225' title='bbox 146 3005 241 3070; x_wconf 89' lang='lat' dir='ltr'><strong>attuli</strong></span> <span class='ocrx_word' id='word_1_226' title='bbox 273 3005 427 3088; x_wconf 78' lang='lat' dir='ltr'><strong>exemplis</strong></span> <span class='ocrx_word' id='word_1_227' title='bbox 457 3004 537 3069; x_wconf 83' lang='lat' dir='ltr'><strong>satis</strong></span> <span class='ocrx_word' id='word_1_228' title='bbox 570 3023 726 3087; x_wconf 84' lang='lat' dir='ltr'>apparere</span> <span class='ocrx_word' id='word_1_229' title='bbox 759 3001 838 3065; x_wconf 91' lang='lat' dir='ltr'><strong>mihi</strong></span> <span class='ocrx_word' id='word_1_230' title='bbox 870 3000 997 3065; x_wconf 77' lang='lat' dir='ltr'><strong>videtur</strong></span> <span class='ocrx_word' id='word_1_231' title='bbox 1033 2999 1088 3064; x_wconf 85' lang='grc' dir='ltr'><strong><em>καὶ</em></strong></span> <span class='ocrx_word' id='word_1_232' title='bbox 1125 3003 1214 3070; x_wconf 89' lang='lat' dir='ltr'>illud</span> <span class='ocrx_word' id='word_1_233' title='bbox 1247 3004 1317 3088; x_wconf 73' lang='lat' dir='ltr'><strong>quati</strong></span> 
     </span>
     <span class='ocr_line' id='line_1_25' title="bbox 145 3111 609 3181; baseline -0.006 -1"><span class='ocrx_word' id='word_1_234' title='bbox 145 3116 266 3181; x_wconf 82' lang='lat' dir='ltr'><strong>attrahi</strong></span> <span class='ocrx_word' id='word_1_235' title='bbox 287 3138 307 3180; x_wconf 85' lang='lat' dir='ltr'>a</span> <span class='ocrx_word' id='word_1_236' title='bbox 329 3115 550 3180; x_wconf 81' lang='lat' dir='ltr'><strong>coniunctione</strong></span> <span class='ocrx_word' id='word_1_237' title='bbox 572 3111 609 3178; x_wconf 81' lang='grc' dir='ltr'><strong><em>εἰ.</em></strong></span> 
     </span>
    </p>
   </div>
   <div class='ocr_carea' id='block_1_5' title="bbox 711 3401 754 3469">
    <p class='ocr_par' dir='ltr' id='par_1_5' title="bbox 711 3401 754 3469">
     <span class='ocr_line' id='line_1_26' title="bbox 711 3401 754 3469; baseline -0.07 0"><span class='ocrx_word' id='word_1_238' title='bbox 711 3401 754 3469; x_wconf 88' lang='lat' dir='ltr'><strong><em>V.</em></strong></span> 
     </span>
    </p>
   </div>
   <div class='ocr_carea' id='block_1_6' title="bbox 146 3550 1313 4314">
    <p class='ocr_par' dir='ltr' id='par_1_6' title="bbox 146 3550 1313 4206">
     <span class='ocr_line' id='line_1_27' title="bbox 235 3550 1313 3645; baseline -0.004 -20"><span class='ocrx_word' id='word_1_239' title='bbox 235 3566 326 3642; x_wconf 84' lang='grc'><strong>179,4</strong></span> <span class='ocrx_word' id='word_1_240' title='bbox 343 3561 382 3624; x_wconf 80' lang='grc' dir='ltr'><strong><em>τιὶ</em></strong></span> <span class='ocrx_word' id='word_1_241' title='bbox 403 3559 460 3641; x_wconf 84' lang='grc' dir='ltr'><strong><em>μὲν</em></strong></span> <span class='ocrx_word' id='word_1_242' title='bbox 475 3556 696 3644; x_wconf 80' lang='grc' dir='ltr'><strong><em>ὲπισσήμονικά</em></strong></span> <span class='ocrx_word' id='word_1_243' title='bbox 712 3557 861 3642; x_wconf 87' lang='grc' dir='ltr'><strong><em>λήμματα</em></strong></span> <span class='ocrx_word' id='word_1_244' title='bbox 878 3556 958 3638; x_wconf 85' lang='grc' dir='ltr'><strong><em>πρὸς</em></strong></span> <span class='ocrx_word' id='word_1_245' title='bbox 975 3553 1031 3640; x_wconf 83' lang='grc' dir='ltr'><strong><em>τήν</em></strong></span> <span class='ocrx_word' id='word_1_246' title='bbox 1044 3550 1161 3622; x_wconf 71' lang='grc' dir='ltr'><strong><em>οὐσίαν</em></strong></span> <span class='ocrx_word' id='word_1_247' title='bbox 1182 3557 1313 3645; x_wconf 73' lang='grc' dir='ltr'><strong><em>άναφερε</em></strong></span> 
     </span>
     <span class='ocr_line' id='line_1_28' title="bbox 146 3664 1312 3757; baseline -0.006 -19"><span class='ocrx_word' id='word_1_248' title='bbox 146 3699 198 3739; x_wconf 88' lang='grc' dir='ltr'><strong><em>ται</em></strong></span> <span class='ocrx_word' id='word_1_249' title='bbox 226 3679 283 3738; x_wconf 86' lang='grc' dir='ltr'><strong><em>τοῦ</em></strong></span> <span class='ocrx_word' id='word_1_250' title='bbox 314 3674 496 3757; x_wconf 83' lang='grc' dir='ltr'><strong><em>ζητουμένου</em></strong></span> <span class='ocrx_word' id='word_1_251' title='bbox 525 3671 576 3733; x_wconf 85' lang='grc' dir='ltr'><strong><em>καὶ</em></strong></span> <span class='ocrx_word' id='word_1_252' title='bbox 606 3675 716 3733; x_wconf 88' lang='grc' dir='ltr'><strong><em>τοῦτον</em></strong></span> <span class='ocrx_word' id='word_1_253' title='bbox 747 3664 811 3746; x_wconf 74' lang='grc' dir='ltr'><strong><em>ἔχει</em></strong></span> <span class='ocrx_word' id='word_1_254' title='bbox 840 3667 893 3729; x_wconf 83' lang='grc' dir='ltr'><strong><em>τὸν</em></strong></span> <span class='ocrx_word' id='word_1_255' title='bbox 919 3664 1065 3730; x_wconf 82' lang='grc' dir='ltr'><strong><em>σκοπόν·</em></strong></span> <span class='ocrx_word' id='word_1_256' title='bbox 1085 3674 1155 3732; x_wconf 89' lang='grc' dir='ltr'><strong><em>τῶν</em></strong></span> <span class='ocrx_word' id='word_1_257' title='bbox 1186 3667 1217 3736; x_wconf 78' lang='grc' dir='ltr'><strong><em>δ’</em></strong></span> <span class='ocrx_word' id='word_1_258' title='bbox 1230 3668 1312 3735; x_wconf 73' lang='grc' dir='ltr'><strong><em>ἄλλων</em></strong></span> 
     </span>
     <span class='ocr_line' id='line_1_29' title="bbox 146 3774 1313 3864; baseline -0.003 -14"><span class='ocrx_word' id='word_1_259' title='bbox 146 3781 296 3850; x_wconf 76' lang='grc' dir='ltr'><strong><em>ἁπάντων</em></strong></span> <span class='ocrx_word' id='word_1_260' title='bbox 311 3783 432 3864; x_wconf 74' lang='grc' dir='ltr'><strong><em>ἔξωθεν</em></strong></span> <span class='ocrx_word' id='word_1_261' title='bbox 450 3778 548 3846; x_wconf 81' lang='grc' dir='ltr'><strong><em>άντων</em></strong></span> <span class='ocrx_word' id='word_1_262' title='bbox 565 3776 650 3856; x_wconf 79' lang='grc' dir='ltr'><strong><em>ὅσοις</em></strong></span> <span class='ocrx_word' id='word_1_263' title='bbox 663 3779 721 3861; x_wconf 80' lang='grc' dir='ltr'><strong><em>μὲν</em></strong></span> <span class='ocrx_word' id='word_1_264' title='bbox 744 3774 762 3843; x_wconf 79' lang='grc' dir='ltr'>ὁ</span> <span class='ocrx_word' id='word_1_265' title='bbox 785 3776 974 3854; x_wconf 82' lang='grc' dir='ltr'><strong><em>διαλεκτικὸς</em></strong></span> <span class='ocrx_word' id='word_1_266' title='bbox 993 3775 1040 3854; x_wconf 82' lang='grc' dir='ltr'><strong><em>εἰς</em></strong></span> <span class='ocrx_word' id='word_1_267' title='bbox 1060 3779 1097 3841; x_wconf 88' lang='grc' dir='ltr'><strong><em>τὸ</em></strong></span> <span class='ocrx_word' id='word_1_268' title='bbox 1112 3781 1313 3863; x_wconf 77' lang='grc' dir='ltr'><strong><em>γυμνάσαοθο</em></strong></span> 
     </span>
     <span class='ocr_line' id='line_1_30' title="bbox 147 3889 1311 3983; baseline -0.005 -22"><span class='ocrx_word' id='word_1_269' title='bbox 147 3903 258 3983; x_wconf 85' lang='grc' dir='ltr'><strong><em>χρήτοιι</em></strong></span> <span class='ocrx_word' id='word_1_270' title='bbox 288 3896 339 3959; x_wconf 85' lang='grc' dir='ltr'><strong><em>καὶ</em></strong></span> <span class='ocrx_word' id='word_1_271' title='bbox 360 3892 513 3978; x_wconf 81' lang='grc' dir='ltr'><strong><em>σοφιστάς</em></strong></span> <span class='ocrx_word' id='word_1_272' title='bbox 532 3889 689 3973; x_wconf 77' lang='grc' dir='ltr'><strong><em>ἐξελέγξαι</em></strong></span> <span class='ocrx_word' id='word_1_273' title='bbox 718 3889 770 3953; x_wconf 86' lang='grc' dir='ltr'><strong><em>καὶ</em></strong></span> <span class='ocrx_word' id='word_1_274' title='bbox 792 3900 904 3971; x_wconf 87' lang='grc' dir='ltr'><strong><em>πεῖραν</em></strong></span> <span class='ocrx_word' id='word_1_275' title='bbox 924 3889 1032 3972; x_wconf 89' lang='grc' dir='ltr'><strong><em>λαβεῖν</em></strong></span> <span class='ocrx_word' id='word_1_276' title='bbox 1052 3890 1247 3977; x_wconf 78' lang='grc' dir='ltr'><strong><em>μυήσεως</em></strong></span> <span class='ocrx_word' id='word_1_277' title='bbox 1261 3912 1311 3972; x_wconf 81' lang='grc' dir='ltr'><strong><em>μο·</em></strong></span> 
     </span>
     <span class='ocr_line' id='line_1_31' title="bbox 146 3996 1312 4093; baseline -0.006 -19"><span class='ocrx_word' id='word_1_278' title='bbox 146 4015 252 4093; x_wconf 87' lang='grc' dir='ltr'><strong><em>ρακίοο</em></strong></span> <span class='ocrx_word' id='word_1_279' title='bbox 280 4007 332 4071; x_wconf 86' lang='grc' dir='ltr'><strong><em>καὶ</em></strong></span> <span class='ocrx_word' id='word_1_280' title='bbox 360 4004 573 4087; x_wconf 85' lang='grc' dir='ltr'><strong><em>μαιεάσοισθαι</em></strong></span> <span class='ocrx_word' id='word_1_281' title='bbox 600 4002 653 4065; x_wconf 88' lang='grc' dir='ltr'><strong><em>καὶ</em></strong></span> <span class='ocrx_word' id='word_1_282' title='bbox 680 4011 891 4084; x_wconf 78' lang='grc' dir='ltr'><strong><em>προσαγαγεῖν</em></strong></span> <span class='ocrx_word' id='word_1_283' title='bbox 913 3998 968 4064; x_wconf 78' lang='grc' dir='ltr'><strong><em>ἐπί</em></strong></span> <span class='ocrx_word' id='word_1_284' title='bbox 996 4022 1081 4077; x_wconf 91' lang='grc' dir='ltr'><strong><em>τινος</em></strong></span> <span class='ocrx_word' id='word_1_285' title='bbox 1106 3996 1233 4086; x_wconf 69' lang='grc' dir='ltr'><strong><em>εὕρεσιν</em></strong></span> <span class='ocrx_word' id='word_1_286' title='bbox 1252 3999 1312 4067; x_wconf 83' lang='grc' dir='ltr'><strong><em>άπο</em></strong></span> 
     </span>
     <span class='ocr_line' id='line_1_32' title="bbox 147 4108 1311 4206; baseline -0.011 -22"><span class='ocrx_word' id='word_1_287' title='bbox 147 4123 239 4206; x_wconf 85' lang='grc' dir='ltr'><strong><em>ρήσοιί</em></strong></span> <span class='ocrx_word' id='word_1_288' title='bbox 260 4142 293 4183; x_wconf 89' lang='grc' dir='ltr'><strong><em>τε</em></strong></span> <span class='ocrx_word' id='word_1_289' title='bbox 316 4119 462 4203; x_wconf 86' lang='grc' dir='ltr'><strong><em>ποιήσαι.</em></strong></span> <span class='ocrx_word' id='word_1_290' title='bbox 477 4163 507 4180; x_wconf 93' lang='grc'><strong><em>..</em></strong></span> <span class='ocrx_word' id='word_1_291' title='bbox 531 4114 717 4198; x_wconf 81' lang='grc' dir='ltr'><strong><em>διορίζειν..</em></strong></span> <span class='ocrx_word' id='word_1_292' title='bbox 741 4118 840 4177; x_wconf 80' lang='grc' dir='ltr'><strong><em>ταῦτα</em></strong></span> <span class='ocrx_word' id='word_1_293' title='bbox 861 4114 962 4194; x_wconf 87' lang='grc' dir='ltr'><strong><em>πειρῶ</em></strong></span> <span class='ocrx_word' id='word_1_294' title='bbox 984 4115 1047 4173; x_wconf 87' lang='grc' dir='ltr'><strong><em>τῶν</em></strong></span> <span class='ocrx_word' id='word_1_295' title='bbox 1069 4108 1311 4199; x_wconf 78' lang='grc' dir='ltr'><strong><em>ίπιστήμονιιιῶι.</em></strong></span> 
     </span>
    </p>

    <p class='ocr_par' dir='ltr' id='par_1_7' title="bbox 231 4221 1312 4314">
     <span class='ocr_line' id='line_1_33' title="bbox 231 4221 1312 4314; baseline -0.006 -21"><span class='ocrx_word' id='word_1_296' title='bbox 231 4227 372 4314; x_wconf 85' lang='grc' dir='ltr'><strong><em>μυήσεως</em></strong></span> <span class='ocrx_word' id='word_1_297' title='bbox 400 4227 486 4309; x_wconf 90' lang='lat' dir='ltr'>quod</span> <span class='ocrx_word' id='word_1_298' title='bbox 516 4226 641 4291; x_wconf 82' lang='lat' dir='ltr'>codices</span> <span class='ocrx_word' id='word_1_299' title='bbox 671 4223 824 4288; x_wconf 82' lang='lat' dir='ltr'><strong>exhibent</strong></span> <span class='ocrx_word' id='word_1_300' title='bbox 845 4242 954 4287; x_wconf 85' lang='lat' dir='ltr'>verum</span> <span class='ocrx_word' id='word_1_301' title='bbox 984 4240 1053 4285; x_wconf 81' lang='lat' dir='ltr'>esse</span> <span class='ocrx_word' id='word_1_302' title='bbox 1075 4221 1131 4286; x_wconf 81' lang='lat' dir='ltr'><strong><em>vix</em></strong></span> <span class='ocrx_word' id='word_1_303' title='bbox 1160 4223 1312 4308; x_wconf 71' lang='lat' dir='ltr'>quisquam</span> 
     </span>
    </p>
   </div>
   <div class='ocr_carea' id='block_1_7' title="bbox 147 4330 1312 4423">
    <p class='ocr_par' dir='ltr' id='par_1_8' title="bbox 147 4330 1312 4423">
     <span class='ocr_line' id='line_1_34' title="bbox 147 4330 1312 4423; baseline -0.007 -21"><span class='ocrx_word' id='word_1_304' title='bbox 147 4337 293 4423; x_wconf 74' lang='lat' dir='ltr'><strong>‘putabit3</strong></span> <span class='ocrx_word' id='word_1_305' title='bbox 327 4339 449 4403; x_wconf 82' lang='lat' dir='ltr'>sedne</span> <span class='ocrx_word' id='word_1_306' title='bbox 477 4335 650 4418; x_wconf 84' lang='grc' dir='ltr'><strong><em>μαιεύσιως</em></strong></span> <span class='ocrx_word' id='word_1_307' title='bbox 678 4336 809 4418; x_wconf 87' lang='lat' dir='ltr'>quidem</span> <span class='ocrx_word' id='word_1_308' title='bbox 838 4333 925 4416; x_wconf 89' lang='lat' dir='ltr'>quod</span> <span class='ocrx_word' id='word_1_309' title='bbox 955 4331 1133 4399; x_wconf 80' lang='lat' dir='ltr'>Muellerus</span> <span class='ocrx_word' id='word_1_310' title='bbox 1160 4330 1312 4421; x_wconf 74' lang='lat' dir='ltr'><strong>&#39;proposuit</strong></span> 
     </span>
    </p>
   </div>
   <div class='ocr_carea' id='block_1_8' title="bbox 0 0 1492 4942">
    <p class='ocr_par' dir='ltr' id='par_1_9' title="bbox 0 0 1492 4942">
     <span class='ocr_line' id='line_1_35' title="bbox 0 0 1492 4942; baseline 0 0"><span class='ocrx_word' id='word_1_311' title='bbox 0 0 1492 4942; x_wconf 95' lang='lat' dir='ltr'><strong><em> </em></strong></span> 
     </span>
    </p>
   </div>
  </div>
 </body>
</html>
