3308 5122
286 628 701 740 SENTENTIAE
749 621 1286 796 CONTROVERSAE

186 877 189 882 '
277 875 306 941 Ι.
330 868 594 940 Hesiodi0.et
579 867 658 935 t.D
681 885 796 932 versus
819 866 881 928 210
905 867 938 928 st
961 865 1020 927 211
1045 859 1103 926 Rz.

327 983 439 1070 ἄφρων
461 976 532 1048 6⁰⁰
513 1004 548 1058 ος
568 1004 587 1084 κ
587 977 712 1063 ’ἐθέλῃ
735 973 817 1107 πρὸς
835 979 1015 1061 κρείσσονας
1036 968 1168 1058 άντιφερ
1169 970 1261 1052 ί·ζειν

328 1101 413 1180 νίκης
431 1117 465 1159 τε
487 1095 627 1175 πάρετοι
648 1086 731 1172 πρός
750 1111 769 1150 τ
799 1084 937 1166 αἴσχεσιν
959 1083 1059 1168 ἄλγεα
1081 1083 1197 1164 πάσχει

328 1203 461 1290 genuini
486 1205 563 1266 sunt
584 1219 710 1282 suoque
731 1198 806 1262 loco
828 1196 940 1281 posit.

257 1319 306 1384 II.
330 1317 457 1382 Errant
476 1311 534 1396 qui
555 1308 738 1374 Pindarum
760 1307 827 1388 (01.
843 1305 915 1387 ΙΙΙ)
937 1305 1120 1372 Herculem
1140 1310 1217 1388 post
1233 1300 1380 1389 Augiam

303 1465 305 1472 ⁴
331 1427 498 1494 devictum
520 1440 650 1487 cervam
673 1417 804 1482 Dianae
827 1422 1003 1484 venantem
1025 1416 1143 1482 fecisse
1165 1419 1293 1499 putant.

237 1540 306 1606 ΙΙΙ.
330 1537 407 1604 Non
429 1539 518 1602 recte
540 1530 636 1596 Elias
657 1527 841 1595 Janzonius
873 1527 1004 1613 (Herm.
1029 1525 1177 1595 XXVII
1199 1548 1232 1609 p.
1256 1529 1318 1591 315
1339 1527 1383 1613 s.)

264 1691 268 1696 -
310 1646 456 1716 -Oatulli
476 1640 644 1710 *carminis
671 1638 834 1706 LXVIII
861 1659 974 1706 versus
1006 1643 1067 1704 157
1094 1643 1127 1705 et
1157 1641 1219 1708 158
1248 1645 1382 1723 recepta

200 1795 203 1800 ·
302 1744 522 1825 'coniectura
544 1751 756 1822 Vahleniaua
778 1750 882 1831 (dum
905 1752 960 1834 qai
976 1752 1208 1834 principio...)
1231 1755 1381 1835 transpo-

333 1872 399 1936 suit
421 1874 649 1954 postremum
674 1867 746 1930 152.

243 1984 326 2054 IV.
335 1980 495 2050 Seneca
486 2001 520 2044 1n
545 1973 794 2044 conscribendis
817 1971 869 2037 De
892 1972 941 2037 ira
961 1971 1057 2038 libris
1078 1959 1294 2039 Posidonium
1324 1980 1382 2058 po'·

333 2092 497 2157 tissimum
519 2088 682 2153 adhibui.

268 2201 311 2270 V
336 2199 560 2267 Verborum
551 2221 587 2263 m
616 2199 688 2278 -ίζω
711 2195 947 2262 exeuntiumt
948 2215 1085 2278 empora
1113 2143 1260 2261 lutura
1251 2216 1285 2259 rn
1310 2200 1384 2260 -Ισιο

332 2309 474 2373 formata
437 2307 735 2391 tubicumque
726 2330 761 2373 m
785 2306 920 2390 optimis
943 2303 1063 2412 Galeni
1095 2304 1301 2372 codicibus
1291 2327 1383 2372 ruve-

334 2417 502 2483 niuntur
493 2439 528 2481 in
551 2424 622 2483 text
608 2424 679 2483 tum
701 2417 890 2502 recipienda
912 2422 998 2485 sunt.

250 2528 311 2600 VI.
334 2529 454 2596 Galesi
476 2528 590 2611 script
610 2529 688 2596 min.
711 2529 773 2594 vol.
791 2528 828 2593 II
851 2530 901 2595 ed
922 2527 1071 2595 Mueller.
1093 2551 1125 2613 p.
1148 2533 1316 2612 103‚14..
1338 2529 1384 2595 le·

333 2640 473 2723 gendum
499 2647 551 2706 est
575 2664 611 2705 το
603 2640 668 2706 δὲ
689 2639 880 2724 πέμπτον(
868 2639 952 2721 (scil.
977 2642 1062 2726 βιβλί
1062 2665 1098 2706 ον
1118 2638 1195 2720 ἐστὶ)
1225 2642 1384 2728 περὶτῶν

256 2793 258 2798 -
335 2760 390 2817 τοῦ
422 2751 572 2837 θώρακος
603 2776 693 2833 μοων
723 2754 775 2819 καὶ
806 2759 871 2817 τῶν
905 2776 962 2817 κατ
961 2750 1196 2837 ’ἐπιγάστριον
1231 2754 1284 2818 καὶ
1319 2777 1385 2818 των

333 2912 516 2998 ῥαχιτιῦν
537 2914 628 3000 (ῥαχν
656 2915 729 2981 cod.
759 2914 1019 2997 Ambrosianus3
1050 2915 1130 2980 κατά
1158 2913 1249 3002 ῥάχιν
1280 2915 1383 2982 Char-

288 3020 438 3090 terius
458 3024 634 3092 Kuehnius
657 3025 861 3107 Muellerus)

228 3133 315 3202 VII.-
332 3133 463 3200 Ibidem
484 3158 515 3220 p.
534 3139 595 3200 107
598 3157 632 3219 5
658 3137 817 3203 traditum
840 3143 890 3204 ast
912 3137 1035 3223 ε’γραψε
1057 3135 1092 3202 δὲ
1113 3136 1286 3222 Μαρῖνος’
1272 3159 1305 3201 εν
1326 3139 1386 3226 μὲν

268 3244 271 3250 “
334 3252 378 3330 τῷ
405 3244 559 3333 ἑνδεκάτῳ
588 3246 610 3312 ά
636 3248 710 3331 μὲν
737 3247 951 3334 κεφάλαια.
999 3248 1110 3314 deleto
1140 3247 1296 3334 κεφάλαια
1322 3272 1385 3336 pro

220 3397 224 3405 ι
334 3353 355 3421 ἃ
376 3356 435 3440 μὲν
457 3358 668 3436 scribendum
693 3365 744 3426 est
765 3364 869 3443 ᾶμέν,
892 3359 927 3425 id
950 3364 1002 3425 ast
1023 3365 1187 3444 πρῶτον
1207 3365 1289 3442 μέν.
1375 3412 1378 3422 .

205 3466 309 3537 VIII.
333 3466 465 3536 Ibidem
485 3491 517 3553 p.
544 3474 660 3554 107,24
677 3503 722 3555 aa,
745 3470 801 3536 ubi
823 3470 858 3534 in
880 3470 995 3536 codice
1019 3469 1243 3536 Ambrosianc
1262 3471 1385 3554 legitur

228 3633 230 3638 ,
336 3576 354 3665 'i
378 3579 412 3645 dl
430 3583 561 3668 τετάρτη
582 3588 647 3647 ταῖν
668 3581 829 3663 ἕπιτομιάν
857 3580 959 3646 κατά
986 3581 1026 3646 τά
1047 3580 1145 3647 λοιπά
1165 3584 1222 3647 τοῦ
1243 3587 1385 3666 Μαρίνοα

334 3689 428 3756 πέντε
456 3693 563 3776 βιβλία
588 3693 669 3776 μετά
699 3692 736 3758 τά
765 3689 1039 3758 πεντεκαιδέκατον
1068 3689 1144 3777 άχρι
1173 3699 1234 3758 τοῦ
1248 3693 1387 3762 εἰκοστοῦ

336 3806 526 3889 περιέων,
549 3825 610 3887 pro
631 3803 710 3869 κατά
731 3789 972 3900 restituendum
992 3808 1045 3870 est
1065 3802 1146 3879 καὶ,
1169 3823 1229 3886 pro
1250 3811 1387 3892 περιέων

272 4047 275 4050 ,
309 3932 434 4068 περιέ
455 3982 490 4070 id
513 3989 564 4052 est
586 3987 788 4068 περιέχει.Ι
1373 4047 1377 4054 .

244 4087 312 4158 ΙΧ.
334 4090 502 4159 Notarum
510 4092 767 4162 Tironianarum
779 4113 863 4180 quae
872 4099 1032 4160 vocantur
1042 4092 1263 4180 originesaQ.
1274 4092 1387 4164 IInnic

227 4222 232 4229 ·
335 4210 433 4287 poeta
455 4203 653 4290 repetendas
677 4225 749 4272 esse
771 4205 840 4273 veri
863 4225 928 4272 non
951 4212 1003 4273 est
1024 4203 1193 4274 dissimile.
