<?xml version="1.0" encoding="UTF-8"?>
<!DOCTYPE html PUBLIC "-//W3C//DTD XHTML 1.0 Transitional//EN"
    "http://www.w3.org/TR/xhtml1/DTD/xhtml1-transitional.dtd">
<html xmlns="http://www.w3.org/1999/xhtml" xml:lang="en" lang="en">
 <head>
  <title>
</title>
<meta http-equiv="Content-Type" content="text/html;charset=utf-8" />
  <meta name='ocr-system' content='tesseract 3.04.00' />
  <meta name='ocr-capabilities' content='ocr_page ocr_carea ocr_par ocr_line ocrx_word'/>
</head>
<body>
  <div class='ocr_page' id='page_1' title='image "./ingalenideplaci00kalbgoog_0041.png"; bbox 0 0 3308 5122; ppageno 0'>
   <div class='ocr_carea' id='block_1_1' title="bbox 762 341 973 400">
    <p class='ocr_par' dir='ltr' id='par_1_1' title="bbox 762 341 973 400">
     <span class='ocr_line' id='line_1_1' title="bbox 762 341 973 400; baseline 0 -14"><span class='ocrx_word' id='word_1_1' title='bbox 762 341 973 400; x_wconf 77' lang='lat'>..34-</span> 
     </span>
    </p>
   </div>
   <div class='ocr_carea' id='block_1_2' title="bbox 279 531 1479 2171">
    <p class='ocr_par' dir='ltr' id='par_1_2' title="bbox 279 531 1479 2171">
     <span class='ocr_line' id='line_1_2' title="bbox 280 531 1460 617; baseline 0.001 -18"><span class='ocrx_word' id='word_1_2' title='bbox 280 540 380 617; x_wconf 88' lang='lat' dir='ltr'>atque</span> <span class='ocrx_word' id='word_1_3' title='bbox 392 532 691 617; x_wconf 86' lang='lat' dir='ltr'>perturbationibus</span> <span class='ocrx_word' id='word_1_4' title='bbox 705 533 908 597; x_wconf 86' lang='lat' dir='ltr'>coniunctam</span> <span class='ocrx_word' id='word_1_5' title='bbox 932 553 1001 598; x_wconf 85' lang='lat' dir='ltr'>esse</span> <span class='ocrx_word' id='word_1_6' title='bbox 1024 531 1064 596; x_wconf 86' lang='lat' dir='ltr'><em>de</em></span> <span class='ocrx_word' id='word_1_7' title='bbox 1086 533 1261 598; x_wconf 86' lang='lat' dir='ltr'>virtutibus</span> <span class='ocrx_word' id='word_1_8' title='bbox 1281 533 1460 600; x_wconf 82' lang='lat' dir='ltr'><strong>doctrinam</strong></span> 
     </span>
     <span class='ocr_line' id='line_1_3' title="bbox 279 642 1460 729; baseline 0.001 -20"><span class='ocrx_word' id='word_1_9' title='bbox 279 684 323 693; x_wconf 95' lang='lat'>—</span> <span class='ocrx_word' id='word_1_10' title='bbox 343 667 408 710; x_wconf 88' lang='lat' dir='ltr'><em>non</em></span> <span class='ocrx_word' id='word_1_11' title='bbox 436 644 524 729; x_wconf 87' lang='lat' dir='ltr'>apud</span> <span class='ocrx_word' id='word_1_12' title='bbox 547 644 757 709; x_wconf 82' lang='lat' dir='ltr'>Posidonium</span> <span class='ocrx_word' id='word_1_13' title='bbox 788 643 903 724; x_wconf 83' lang='lat' dir='ltr'>solum,</span> <span class='ocrx_word' id='word_1_14' title='bbox 934 642 991 708; x_wconf 89' lang='lat' dir='ltr'><em>sed</em></span> <span class='ocrx_word' id='word_1_15' title='bbox 1014 644 1141 708; x_wconf 88' lang='lat' dir='ltr'>omuino</span> <span class='ocrx_word' id='word_1_16' title='bbox 1170 646 1217 708; x_wconf 87' lang='lat' dir='ltr'><em>rei</em></span> <span class='ocrx_word' id='word_1_17' title='bbox 1238 651 1392 710; x_wconf 86' lang='lat' dir='ltr'>naturam</span> <span class='ocrx_word' id='word_1_18' title='bbox 1412 647 1460 710; x_wconf 89' lang='lat' dir='ltr'><em>ita</em></span> 
     </span>
     <span class='ocr_line' id='line_1_4' title="bbox 280 754 1457 841; baseline 0 -21"><span class='ocrx_word' id='word_1_19' title='bbox 280 761 499 841; x_wconf 78' lang='lat' dir='ltr'>comparatam</span> <span class='ocrx_word' id='word_1_20' title='bbox 525 776 595 820; x_wconf 85' lang='lat' dir='ltr'>esse</span> <span class='ocrx_word' id='word_1_21' title='bbox 624 761 662 819; x_wconf 87' lang='lat' dir='ltr'><em>ut</em></span> <span class='ocrx_word' id='word_1_22' title='bbox 683 754 838 818; x_wconf 86' lang='lat' dir='ltr'>virtutum</span> <span class='ocrx_word' id='word_1_23' title='bbox 866 756 950 818; x_wconf 84' lang='lat' dir='ltr'>ratio</span> <span class='ocrx_word' id='word_1_24' title='bbox 977 775 1042 818; x_wconf 90' lang='lat' dir='ltr'><em>uon</em></span> <span class='ocrx_word' id='word_1_25' title='bbox 1068 755 1169 838; x_wconf 83' lang='lat' dir='ltr'><strong>possit</strong></span> <span class='ocrx_word' id='word_1_26' title='bbox 1197 761 1284 820; x_wconf 89' lang='lat' dir='ltr'>recte</span> <span class='ocrx_word' id='word_1_27' title='bbox 1305 756 1457 838; x_wconf 82' lang='lat' dir='ltr'>intellegi,</span> 
     </span>
     <span class='ocr_line' id='line_1_5' title="bbox 279 865 1460 948; baseline -0.001 -16"><span class='ocrx_word' id='word_1_28' title='bbox 279 868 342 932; x_wconf 88' lang='lat' dir='ltr'>nisi</span> <span class='ocrx_word' id='word_1_29' title='bbox 364 866 436 948; x_wconf 88' lang='lat' dir='ltr'>quis</span> <span class='ocrx_word' id='word_1_30' title='bbox 457 866 497 930; x_wconf 89' lang='lat' dir='ltr'><em>de</em></span> <span class='ocrx_word' id='word_1_31' title='bbox 517 866 644 930; x_wconf 86' lang='lat' dir='ltr'>animae</span> <span class='ocrx_word' id='word_1_32' title='bbox 661 866 808 948; x_wconf 82' lang='lat' dir='ltr'>partibus</span> <span class='ocrx_word' id='word_1_33' title='bbox 826 865 1190 948; x_wconf 83' lang='lat' dir='ltr'>perturbationibusque</span> <span class='ocrx_word' id='word_1_34' title='bbox 1208 888 1319 931; x_wconf 86' lang='lat' dir='ltr'>verum</span> <span class='ocrx_word' id='word_1_35' title='bbox 1339 867 1460 932; x_wconf 86' lang='lat' dir='ltr'>habeat</span> 
     </span>
     <span class='ocr_line' id='line_1_6' title="bbox 279 976 1461 1062; baseline 0 -20"><span class='ocrx_word' id='word_1_36' title='bbox 279 978 450 1057; x_wconf 82' lang='lat' dir='ltr'>iudicium3</span> <span class='ocrx_word' id='word_1_37' title='bbox 477 976 511 1041; x_wconf 91' lang='lat' dir='ltr'><em>iu</em></span> <span class='ocrx_word' id='word_1_38' title='bbox 540 998 606 1059; x_wconf 85' lang='lat' dir='ltr'><em>qua</em></span> <span class='ocrx_word' id='word_1_39' title='bbox 635 977 790 1041; x_wconf 86' lang='lat' dir='ltr'>virtutum</span> <span class='ocrx_word' id='word_1_40' title='bbox 815 977 940 1040; x_wconf 84' lang='lat' dir='ltr'>ratione</span> <span class='ocrx_word' id='word_1_41' title='bbox 968 977 1169 1060; x_wconf 83' lang='lat' dir='ltr'>exploranda</span> <span class='ocrx_word' id='word_1_42' title='bbox 1197 978 1361 1062; x_wconf 80' lang='lat' dir='ltr'>duplicem</span> <span class='ocrx_word' id='word_1_43' title='bbox 1387 978 1461 1043; x_wconf 82' lang='lat' dir='ltr'>fieri</span> 
     </span>
     <span class='ocr_line' id='line_1_7' title="bbox 280 1086 1460 1172; baseline 0.001 -19"><span class='ocrx_word' id='word_1_44' title='bbox 280 1089 383 1154; x_wconf 90' lang='lat' dir='ltr'>solere</span> <span class='ocrx_word' id='word_1_45' title='bbox 411 1087 672 1172; x_wconf 89' lang='lat' dir='ltr'>philosophorum</span> <span class='ocrx_word' id='word_1_46' title='bbox 702 1108 857 1152; x_wconf 86' lang='lat' dir='ltr'>errorem:</span> <span class='ocrx_word' id='word_1_47' title='bbox 891 1086 933 1151; x_wconf 89' lang='lat' dir='ltr'><em>ab</em></span> <span class='ocrx_word' id='word_1_48' title='bbox 963 1087 1034 1152; x_wconf 87' lang='lat' dir='ltr'>aliis</span> <span class='ocrx_word' id='word_1_49' title='bbox 1065 1089 1149 1153; x_wconf 88' lang='lat' dir='ltr'>euim</span> <span class='ocrx_word' id='word_1_50' title='bbox 1185 1109 1294 1154; x_wconf 88' lang='lat' dir='ltr'>omnes</span> <span class='ocrx_word' id='word_1_51' title='bbox 1323 1091 1460 1154; x_wconf 82' lang='lat' dir='ltr'>virtutes</span> 
     </span>
     <span class='ocr_line' id='line_1_8' title="bbox 280 1197 1479 1282; baseline -0.001 -17"><span class='ocrx_word' id='word_1_52' title='bbox 280 1202 429 1266; x_wconf 85' lang='lat' dir='ltr'>scientias</span> <span class='ocrx_word' id='word_1_53' title='bbox 455 1199 577 1281; x_wconf 82' lang='lat' dir='ltr'>haberi,</span> <span class='ocrx_word' id='word_1_54' title='bbox 606 1199 648 1264; x_wconf 83' lang='lat' dir='ltr'><em>ab</em></span> <span class='ocrx_word' id='word_1_55' title='bbox 677 1199 749 1264; x_wconf 83' lang='lat' dir='ltr'>aliis</span> <span class='ocrx_word' id='word_1_56' title='bbox 777 1197 949 1262; x_wconf 80' lang='lat' dir='ltr'>facultates</span> <span class='ocrx_word' id='word_1_57' title='bbox 979 1219 1096 1281; x_wconf 86' lang='lat' dir='ltr'>omues,</span> <span class='ocrx_word' id='word_1_58' title='bbox 1124 1220 1263 1281; x_wconf 86' lang='lat' dir='ltr'>quorum</span> <span class='ocrx_word' id='word_1_59' title='bbox 1284 1207 1479 1282; x_wconf 83' lang='lat' dir='ltr'>utrumque,</span> 
     </span>
     <span class='ocr_line' id='line_1_9' title="bbox 280 1307 1460 1393; baseline -0.003 -15"><span class='ocrx_word' id='word_1_60' title='bbox 280 1313 397 1378; x_wconf 85' lang='lat' dir='ltr'>falsum</span> <span class='ocrx_word' id='word_1_61' title='bbox 412 1333 490 1377; x_wconf 87' lang='lat' dir='ltr'>esse.</span> <span class='ocrx_word' id='word_1_62' title='bbox 525 1312 620 1393; x_wconf 85' lang='lat' dir='ltr'>plane</span> <span class='ocrx_word' id='word_1_63' title='bbox 634 1309 719 1374; x_wconf 91' lang='lat' dir='ltr'>enim</span> <span class='ocrx_word' id='word_1_64' title='bbox 734 1309 846 1374; x_wconf 89' lang='lat' dir='ltr'>eodem</span> <span class='ocrx_word' id='word_1_65' title='bbox 863 1329 958 1373; x_wconf 87' lang='lat' dir='ltr'>seusu</span> <span class='ocrx_word' id='word_1_66' title='bbox 976 1307 1074 1374; x_wconf 86' lang='lat' dir='ltr'>verbo</span> <span class='ocrx_word' id='word_1_67' title='bbox 1092 1309 1175 1390; x_wconf 83' lang='grc' dir='ltr'><em>ἐχειν</em></span> <span class='ocrx_word' id='word_1_68' title='bbox 1194 1312 1299 1375; x_wconf 86' lang='lat' dir='ltr'>utitur</span> <span class='ocrx_word' id='word_1_69' title='bbox 1314 1310 1460 1378; x_wconf 84' lang='lat' dir='ltr'>Galenus</span> 
     </span>
     <span class='ocr_line' id='line_1_10' title="bbox 280 1418 1459 1508; baseline -0.001 -19"><span class='ocrx_word' id='word_1_70' title='bbox 280 1446 344 1508; x_wconf 93' lang='lat' dir='ltr'><em>quo</em></span> <span class='ocrx_word' id='word_1_71' title='bbox 366 1423 559 1488; x_wconf 82' lang='lat' dir='ltr'>Aristoteles</span> <span class='ocrx_word' id='word_1_72' title='bbox 580 1443 654 1486; x_wconf 92' lang='lat' dir='ltr'><em>cum</em></span> <span class='ocrx_word' id='word_1_73' title='bbox 676 1421 878 1503; x_wconf 80' lang='lat' dir='ltr'>quaestiones</span> <span class='ocrx_word' id='word_1_74' title='bbox 900 1419 1047 1485; x_wconf 86' lang='lat' dir='ltr'>difficiles</span> <span class='ocrx_word' id='word_1_75' title='bbox 1068 1418 1207 1508; x_wconf 76' lang='grc' dir='ltr'><strong><em>ἀπορίας</em></strong></span> <span class='ocrx_word' id='word_1_76' title='bbox 1227 1421 1312 1502; x_wconf 77' lang='grc' dir='ltr'><em>ἐχειν</em></span> <span class='ocrx_word' id='word_1_77' title='bbox 1334 1423 1422 1490; x_wconf 87' lang='lat' dir='ltr'>dicit.</span> <span class='ocrx_word' id='word_1_78' title='bbox 1434 1425 1459 1504; x_wconf 85' lang='grc'><em>1)</em></span> 
     </span>
     <span class='ocr_line' id='line_1_11' title="bbox 279 1528 1459 1620; baseline -0.002 -20"><span class='ocrx_word' id='word_1_79' title='bbox 279 1538 423 1620; x_wconf 86' lang='lat' dir='ltr'>proxime</span> <span class='ocrx_word' id='word_1_80' title='bbox 450 1535 492 1599; x_wconf 83' lang='lat' dir='ltr'><em>ad</em></span> <span class='ocrx_word' id='word_1_81' title='bbox 521 1535 607 1597; x_wconf 90' lang='lat' dir='ltr'>huuc</span> <span class='ocrx_word' id='word_1_82' title='bbox 634 1532 740 1596; x_wconf 89' lang='lat' dir='ltr'>locum</span> <span class='ocrx_word' id='word_1_83' title='bbox 763 1531 920 1596; x_wconf 86' lang='lat' dir='ltr'>accedunt</span> <span class='ocrx_word' id='word_1_84' title='bbox 949 1531 1027 1596; x_wconf 88' lang='lat' dir='ltr'>haec</span> <span class='ocrx_word' id='word_1_85' title='bbox 1057 1534 1218 1617; x_wconf 83' lang='lat' dir='ltr'>exempla:</span> <span class='ocrx_word' id='word_1_86' title='bbox 1249 1537 1358 1615; x_wconf 78' lang='lat'>757‚13</span> <span class='ocrx_word' id='word_1_87' title='bbox 1379 1532 1412 1598; x_wconf 85' lang='grc' dir='ltr'><em>ἐν</em></span> <span class='ocrx_word' id='word_1_88' title='bbox 1431 1528 1459 1619; x_wconf 76' lang='grc' dir='ltr'><em>ιβ</em></span> 
     </span>
     <span class='ocr_line' id='line_1_12' title="bbox 279 1638 1460 1731; baseline -0.003 -19"><span class='ocrx_word' id='word_1_89' title='bbox 279 1645 308 1712; x_wconf 74' lang='grc' dir='ltr'><em>δ’</em></span> <span class='ocrx_word' id='word_1_90' title='bbox 323 1645 363 1711; x_wconf 86' lang='grc' dir='ltr'><em>άν</em></span> <span class='ocrx_word' id='word_1_91' title='bbox 392 1670 441 1722; x_wconf 91' lang='grc' dir='ltr'><em>τις</em></span> <span class='ocrx_word' id='word_1_92' title='bbox 471 1647 605 1731; x_wconf 80' lang='grc' dir='ltr'><strong><em>σφαλείη</em></strong></span> <span class='ocrx_word' id='word_1_93' title='bbox 634 1642 689 1708; x_wconf 78' lang='grc' dir='ltr'><em>διά</em></span> <span class='ocrx_word' id='word_1_94' title='bbox 721 1642 778 1728; x_wconf 81' lang='grc' dir='ltr'><em>την</em></span> <span class='ocrx_word' id='word_1_95' title='bbox 810 1638 988 1727; x_wconf 86' lang='grc' dir='ltr'><em>ὁμοιότητα,</em></span> <span class='ocrx_word' id='word_1_96' title='bbox 1015 1640 1101 1708; x_wconf 77' lang='grc' dir='ltr'><em>τοῦτ’</em></span> <span class='ocrx_word' id='word_1_97' title='bbox 1116 1642 1384 1730; x_wconf 77' lang='grc' dir='ltr'><em>ἐπισημηνάμενος</em></span> <span class='ocrx_word' id='word_1_98' title='bbox 1415 1641 1460 1722; x_wconf 77' lang='grc' dir='ltr'><em>ὦς</em></span> 
     </span>
     <span class='ocr_line' id='line_1_13' title="bbox 279 1752 1460 1840; baseline -0.002 -19"><span class='ocrx_word' id='word_1_99' title='bbox 279 1756 556 1838; x_wconf 85' lang='grc' dir='ltr'><em>παραξύνευιν</em></span> <span class='ocrx_word' id='word_1_100' title='bbox 589 1754 682 1835; x_wconf 75' lang='grc' dir='ltr'><em>ἕχον</em></span> <span class='ocrx_word' id='word_1_101' title='bbox 711 1761 744 1818; x_wconf 84' lang='lat' dir='ltr'><em>et</em></span> <span class='ocrx_word' id='word_1_102' title='bbox 772 1753 831 1819; x_wconf 88' lang='lat' dir='ltr'><em>SM</em></span> <span class='ocrx_word' id='word_1_103' title='bbox 862 1753 901 1818; x_wconf 96' lang='lat' dir='ltr'><em>II</em></span> <span class='ocrx_word' id='word_1_104' title='bbox 932 1757 1000 1836; x_wconf 82' lang='lat'>28‚1</span> <span class='ocrx_word' id='word_1_105' title='bbox 1025 1753 1075 1820; x_wconf 78' lang='grc' dir='ltr'><em>διὸ</em></span> <span class='ocrx_word' id='word_1_106' title='bbox 1103 1752 1264 1819; x_wconf 77' lang='grc' dir='ltr'><em>κάνταῦθα</em></span> <span class='ocrx_word' id='word_1_107' title='bbox 1295 1761 1460 1840; x_wconf 79' lang='grc' dir='ltr'><em>προσέχειν</em></span> 
     </span>
     <span class='ocr_line' id='line_1_14' title="bbox 279 1863 1458 1953; baseline 0 -22"><span class='ocrx_word' id='word_1_108' title='bbox 279 1867 339 1953; x_wconf 79' lang='grc' dir='ltr'><em>χρη</em></span> <span class='ocrx_word' id='word_1_109' title='bbox 361 1869 414 1931; x_wconf 85' lang='grc' dir='ltr'><em>τὸν</em></span> <span class='ocrx_word' id='word_1_110' title='bbox 434 1873 505 1931; x_wconf 84' lang='grc' dir='ltr'><em>νοῦν</em></span> <span class='ocrx_word' id='word_1_111' title='bbox 521 1864 658 1952; x_wconf 74' lang='grc' dir='ltr'><em>άιιριβοῖς</em></span> <span class='ocrx_word' id='word_1_112' title='bbox 680 1875 747 1940; x_wconf 89' lang='grc' dir='ltr'><em>τοῖς</em></span> <span class='ocrx_word' id='word_1_113' title='bbox 767 1864 968 1946; x_wconf 84' lang='grc' dir='ltr'><em>λεγομένοις·</em></span> <span class='ocrx_word' id='word_1_114' title='bbox 986 1863 1073 1944; x_wconf 74' lang='grc' dir='ltr'><em>ἔχει</em></span> <span class='ocrx_word' id='word_1_115' title='bbox 1102 1869 1179 1948; x_wconf 89' lang='grc' dir='ltr'><em>γάρ</em></span> <span class='ocrx_word' id='word_1_116' title='bbox 1206 1890 1298 1930; x_wconf 90' lang='grc' dir='ltr'><em>τινα</em></span> <span class='ocrx_word' id='word_1_117' title='bbox 1328 1889 1458 1951; x_wconf 92' lang='grc' dir='ltr'><em>παρα-</em></span> 
     </span>
     <span class='ocr_line' id='line_1_15' title="bbox 279 1969 1457 2065; baseline -0.001 -22"><span class='ocrx_word' id='word_1_118' title='bbox 279 1979 375 2065; x_wconf 76' lang='grc' dir='ltr'><em>τοην</em></span> <span class='ocrx_word' id='word_1_119' title='bbox 403 1974 522 2059; x_wconf 83' lang='grc' dir='ltr'><em>ὁμοίως</em></span> <span class='ocrx_word' id='word_1_120' title='bbox 550 1989 617 2054; x_wconf 90' lang='grc' dir='ltr'><em>τοῖς</em></span> <span class='ocrx_word' id='word_1_121' title='bbox 642 1974 751 2051; x_wconf 78' lang='grc' dir='ltr'><em>ἄλλοις</em></span> <span class='ocrx_word' id='word_1_122' title='bbox 779 1969 880 2039; x_wconf 82' lang='grc' dir='ltr'><em>άπασι</em></span> <span class='ocrx_word' id='word_1_123' title='bbox 908 1977 1024 2059; x_wconf 78' lang='grc' dir='ltr'><em>λόγοις,</em></span> <span class='ocrx_word' id='word_1_124' title='bbox 1053 1974 1107 2040; x_wconf 85' lang='grc' dir='ltr'><em>ἐάν</em></span> <span class='ocrx_word' id='word_1_125' title='bbox 1128 2001 1177 2054; x_wconf 92' lang='grc' dir='ltr'><em>τις</em></span> <span class='ocrx_word' id='word_1_126' title='bbox 1202 1973 1332 2058; x_wconf 84' lang='grc' dir='ltr'><em>άμελιῦς</em></span> <span class='ocrx_word' id='word_1_127' title='bbox 1351 1974 1457 2062; x_wconf 85' lang='grc' dir='ltr'><em>άκοάη,</em></span> 
     </span>
     <span class='ocr_line' id='line_1_16' title="bbox 279 2088 538 2171; baseline -0.008 -17"><span class='ocrx_word' id='word_1_128' title='bbox 279 2090 428 2171; x_wconf 85' lang='grc' dir='ltr'><em>καθάπερ</em></span> <span class='ocrx_word' id='word_1_129' title='bbox 452 2088 538 2152; x_wconf 81' lang='grc' dir='ltr'><em>ἐνιοι.</em></span> 
     </span>
    </p>
   </div>
   <div class='ocr_carea' id='block_1_3' title="bbox 800 2280 939 2348">
    <p class='ocr_par' dir='ltr' id='par_1_3' title="bbox 800 2280 939 2348">
     <span class='ocr_line' id='line_1_17' title="bbox 800 2280 939 2348; baseline 0 -3"><span class='ocrx_word' id='word_1_130' title='bbox 800 2280 939 2348; x_wconf 89' lang='lat' dir='ltr'><strong>XXVI.</strong></span> 
     </span>
    </p>
   </div>
   <div class='ocr_carea' id='block_1_4' title="bbox 367 2413 1457 2508">
    <p class='ocr_par' dir='ltr' id='par_1_4' title="bbox 367 2413 1457 2508">
     <span class='ocr_line' id='line_1_18' title="bbox 367 2413 1457 2508; baseline 0.003 -23"><span class='ocrx_word' id='word_1_131' title='bbox 367 2422 511 2490; x_wconf 83' lang='lat' dir='ltr'>Galenus</span> <span class='ocrx_word' id='word_1_132' title='bbox 534 2422 625 2501; x_wconf 78' lang='lat' dir='ltr'>334,c</span> <span class='ocrx_word' id='word_1_133' title='bbox 641 2418 816 2502; x_wconf 79' lang='grc' dir='ltr'><em>διαφερέτω</em></span> <span class='ocrx_word' id='word_1_134' title='bbox 835 2413 864 2481; x_wconf 77' lang='grc' dir='ltr'><em>δ’</em></span> <span class='ocrx_word' id='word_1_135' title='bbox 886 2417 991 2498; x_wconf 90' lang='lat' dir='ltr'>inquit</span> <span class='ocrx_word' id='word_1_136' title='bbox 1013 2417 1045 2481; x_wconf 86' lang='grc' dir='ltr'><em>ἐν</em></span> <span class='ocrx_word' id='word_1_137' title='bbox 1065 2441 1101 2500; x_wconf 88' lang='grc' dir='ltr'><em>γε</em></span> <span class='ocrx_word' id='word_1_138' title='bbox 1129 2425 1175 2502; x_wconf 69' lang='grc' dir='ltr'><em>τη]</em></span> <span class='ocrx_word' id='word_1_139' title='bbox 1197 2421 1330 2505; x_wconf 79' lang='grc' dir='ltr'><em>παρόντι</em></span> <span class='ocrx_word' id='word_1_140' title='bbox 1352 2422 1457 2508; x_wconf 77' lang='grc' dir='ltr'><em>μηδέν,</em></span> 
     </span>
    </p>
   </div>
   <div class='ocr_carea' id='block_1_5' title="bbox 279 2527 1460 3947">
    <p class='ocr_par' dir='ltr' id='par_1_5' title="bbox 279 2527 1460 3947">
     <span class='ocr_line' id='line_1_19' title="bbox 280 2527 1456 2617; baseline -0.001 -19"><span class='ocrx_word' id='word_1_141' title='bbox 280 2533 338 2599; x_wconf 74' lang='grc' dir='ltr'><em>εἴτ’</em></span> <span class='ocrx_word' id='word_1_142' title='bbox 353 2531 429 2617; x_wconf 71' lang='grc' dir='ltr'><em>ἔργα</em></span> <span class='ocrx_word' id='word_1_143' title='bbox 457 2537 520 2594; x_wconf 75' lang='grc' dir='ltr'><em>ταῖν</em></span> <span class='ocrx_word' id='word_1_144' title='bbox 544 2531 704 2612; x_wconf 78' lang='grc' dir='ltr'><em>δυνάμεων</em></span> <span class='ocrx_word' id='word_1_145' title='bbox 732 2529 796 2593; x_wconf 87' lang='grc' dir='ltr'><em>ε’ίτε</em></span> <span class='ocrx_word' id='word_1_146' title='bbox 825 2527 916 2614; x_wconf 87' lang='grc' dir='ltr'><em>πάθη</em></span> <span class='ocrx_word' id='word_1_147' title='bbox 945 2528 984 2590; x_wconf 88' lang='grc' dir='ltr'><em>τά</em></span> <span class='ocrx_word' id='word_1_148' title='bbox 1012 2534 1142 2592; x_wconf 85' lang='grc' dir='ltr'><em>τοιαῦτα</em></span> <span class='ocrx_word' id='word_1_149' title='bbox 1170 2529 1275 2594; x_wconf 87' lang='grc' dir='ltr'><em>πάντα</em></span> <span class='ocrx_word' id='word_1_150' title='bbox 1303 2531 1456 2614; x_wconf 80' lang='grc' dir='ltr'><em>λέγοιμεν,</em></span> 
     </span>
     <span class='ocr_line' id='line_1_20' title="bbox 279 2636 1459 2726; baseline -0.001 -18"><span class='ocrx_word' id='word_1_151' title='bbox 279 2641 409 2726; x_wconf 72' lang='grc' dir='ltr'><em>ὕστερον</em></span> <span class='ocrx_word' id='word_1_152' title='bbox 447 2641 510 2725; x_wconf 82' lang='grc' dir='ltr'><em>γάρ</em></span> <span class='ocrx_word' id='word_1_153' title='bbox 548 2637 629 2722; x_wconf 73' lang='grc' dir='ltr'><em>ὑπὲρ</em></span> <span class='ocrx_word' id='word_1_154' title='bbox 662 2637 767 2705; x_wconf 77' lang='grc' dir='ltr'><em>αὐτῶν</em></span> <span class='ocrx_word' id='word_1_155' title='bbox 799 2636 936 2723; x_wconf 81' lang='grc' dir='ltr'><em>άκριβιῦς</em></span> <span class='ocrx_word' id='word_1_156' title='bbox 967 2640 1221 2721; x_wconf 79' lang='grc' dir='ltr'><em>ἐπισκεψόμεθα.</em></span> <span class='ocrx_word' id='word_1_157' title='bbox 1256 2642 1345 2707; x_wconf 82' lang='lat' dir='ltr'>vides</span> <span class='ocrx_word' id='word_1_158' title='bbox 1376 2645 1459 2708; x_wconf 87' lang='lat' dir='ltr'>hauc</span> 
     </span>
     <span class='ocr_line' id='line_1_21' title="bbox 281 2748 1460 2838; baseline 0.001 -20"><span class='ocrx_word' id='word_1_159' title='bbox 281 2756 501 2838; x_wconf 87' lang='lat' dir='ltr'>quaestionem</span> <span class='ocrx_word' id='word_1_160' title='bbox 534 2756 567 2817; x_wconf 90' lang='lat' dir='ltr'><em>iu</em></span> <span class='ocrx_word' id='word_1_161' title='bbox 595 2753 684 2818; x_wconf 85' lang='lat' dir='ltr'>aliud</span> <span class='ocrx_word' id='word_1_162' title='bbox 717 2758 845 2833; x_wconf 84' lang='lat' dir='ltr'>tompus</span> <span class='ocrx_word' id='word_1_163' title='bbox 877 2748 961 2814; x_wconf 81' lang='lat' dir='ltr'><em>diff</em></span> <span class='ocrx_word' id='word_1_164' title='bbox 965 2751 1065 2828; x_wconf 83' lang='lat' dir='ltr'>erri3</span> <span class='ocrx_word' id='word_1_165' title='bbox 1098 2752 1210 2832; x_wconf 86' lang='lat' dir='ltr'>itaque</span> <span class='ocrx_word' id='word_1_166' title='bbox 1243 2772 1316 2817; x_wconf 88' lang='lat' dir='ltr'><em>cum</em></span> <span class='ocrx_word' id='word_1_167' title='bbox 1347 2761 1460 2835; x_wconf 85' lang='lat' dir='ltr'>postea</span> 
     </span>
     <span class='ocr_line' id='line_1_22' title="bbox 279 2857 1459 2950; baseline -0.002 -20"><span class='ocrx_word' id='word_1_168' title='bbox 279 2868 364 2950; x_wconf 82' lang='lat' dir='ltr'>leges</span> <span class='ocrx_word' id='word_1_169' title='bbox 394 2869 486 2945; x_wconf 84' lang='grc'>49].,6</span> <span class='ocrx_word' id='word_1_170' title='bbox 510 2861 750 2949; x_wconf 86' lang='grc' dir='ltr'><em>άναγκαιότατόν</em></span> <span class='ocrx_word' id='word_1_171' title='bbox 778 2859 859 2925; x_wconf 86' lang='grc' dir='ltr'><em>ἐστιν</em></span> <span class='ocrx_word' id='word_1_172' title='bbox 888 2857 1014 2925; x_wconf 74' lang='grc' dir='ltr'><em>ἕκαστον</em></span> <span class='ocrx_word' id='word_1_173' title='bbox 1044 2869 1108 2925; x_wconf 84' lang='grc' dir='ltr'><em>τιῦν</em></span> <span class='ocrx_word' id='word_1_174' title='bbox 1130 2861 1291 2946; x_wconf 84' lang='grc' dir='ltr'><em>ὀνομάτων</em></span> <span class='ocrx_word' id='word_1_175' title='bbox 1317 2862 1370 2948; x_wconf 79' lang='grc' dir='ltr'><em>ἐφ’</em></span> <span class='ocrx_word' id='word_1_176' title='bbox 1386 2860 1459 2929; x_wconf 78' lang='grc' dir='ltr'><em>ὅτου</em></span> 
     </span>
     <span class='ocr_line' id='line_1_23' title="bbox 280 2970 1460 3062; baseline -0.003 -20"><span class='ocrx_word' id='word_1_177' title='bbox 280 2979 402 3062; x_wconf 79' lang='grc' dir='ltr'><em>λέγεται</em></span> <span class='ocrx_word' id='word_1_178' title='bbox 414 2976 599 3059; x_wconf 90' lang='grc' dir='ltr'><em>πράγματος</em></span> <span class='ocrx_word' id='word_1_179' title='bbox 609 2972 747 3061; x_wconf 80' lang='grc' dir='ltr'><em>άκριβιῦς</em></span> <span class='ocrx_word' id='word_1_180' title='bbox 759 2970 944 3058; x_wconf 76' lang='grc' dir='ltr'><em>ἀφωρίσθαι</em></span> <span class='ocrx_word' id='word_1_181' title='bbox 959 2993 966 3008; x_wconf 88' lang='grc'><em>·</em></span> <span class='ocrx_word' id='word_1_182' title='bbox 978 2972 1029 3035; x_wconf 83' lang='grc' dir='ltr'><em>καὶ</em></span> <span class='ocrx_word' id='word_1_183' title='bbox 1045 2971 1106 3055; x_wconf 92' lang='grc' dir='ltr'><em>γάρ</em></span> <span class='ocrx_word' id='word_1_184' title='bbox 1116 2997 1165 3038; x_wconf 93' lang='grc' dir='ltr'><em>τοι</em></span> <span class='ocrx_word' id='word_1_185' title='bbox 1176 2975 1227 3038; x_wconf 83' lang='grc' dir='ltr'><em>καὶ</em></span> <span class='ocrx_word' id='word_1_186' title='bbox 1241 2975 1376 3039; x_wconf 86' lang='grc' dir='ltr'><em>λύεσθαί</em></span> <span class='ocrx_word' id='word_1_187' title='bbox 1390 2999 1460 3042; x_wconf 91' lang='grc' dir='ltr'><em>τινα</em></span> 
     </span>
     <span class='ocr_line' id='line_1_24' title="bbox 279 3081 1459 3172; baseline -0.002 -20"><span class='ocrx_word' id='word_1_188' title='bbox 279 3095 343 3152; x_wconf 72' lang='grc' dir='ltr'><em>ταῖν</em></span> <span class='ocrx_word' id='word_1_189' title='bbox 357 3087 537 3172; x_wconf 72' lang='grc' dir='ltr'><em>ἔμπροσθεν</em></span> <span class='ocrx_word' id='word_1_190' title='bbox 558 3082 877 3171; x_wconf 80' lang='grc' dir='ltr'><em>άναβληθέντων</em></span> <span class='ocrx_word' id='word_1_191' title='bbox 899 3081 1080 3168; x_wconf 80' lang='grc' dir='ltr'><em>ζητημάτων</em></span> <span class='ocrx_word' id='word_1_192' title='bbox 1099 3081 1132 3146; x_wconf 86' lang='grc' dir='ltr'><em>ἐκ</em></span> <span class='ocrx_word' id='word_1_193' title='bbox 1146 3086 1257 3149; x_wconf 86' lang='grc' dir='ltr'><em>τούτου</em></span> <span class='ocrx_word' id='word_1_194' title='bbox 1271 3093 1327 3150; x_wconf 88' lang='grc' dir='ltr'><em>τοῦ</em></span> <span class='ocrx_word' id='word_1_195' title='bbox 1342 3086 1459 3170; x_wconf 84' lang='grc' dir='ltr'><em>τρόπου</em></span> 
     </span>
     <span class='ocr_line' id='line_1_25' title="bbox 279 3191 1459 3284; baseline -0.004 -20"><span class='ocrx_word' id='word_1_196' title='bbox 279 3204 473 3284; x_wconf 81' lang='grc' dir='ltr'><em>συμβέβηκεν,</em></span> <span class='ocrx_word' id='word_1_197' title='bbox 490 3193 597 3282; x_wconf 81' lang='grc' dir='ltr'><em>ὥσπερ</em></span> <span class='ocrx_word' id='word_1_198' title='bbox 613 3194 703 3278; x_wconf 84' lang='grc' dir='ltr'><em>οἶμαι</em></span> <span class='ocrx_word' id='word_1_199' title='bbox 723 3196 775 3259; x_wconf 88' lang='grc' dir='ltr'><em>καὶ</em></span> <span class='ocrx_word' id='word_1_200' title='bbox 792 3193 871 3268; x_wconf 80' lang='grc' dir='ltr'><em>τάδε,</em></span> <span class='ocrx_word' id='word_1_201' title='bbox 888 3194 1021 3278; x_wconf 87' lang='grc' dir='ltr'><em>πότερον</em></span> <span class='ocrx_word' id='word_1_202' title='bbox 1039 3191 1193 3276; x_wconf 77' lang='grc' dir='ltr'><em>ἐνεργείας</em></span> <span class='ocrx_word' id='word_1_203' title='bbox 1214 3219 1233 3281; x_wconf 90' lang='grc' dir='ltr'><em>η</em></span> <span class='ocrx_word' id='word_1_204' title='bbox 1253 3197 1347 3282; x_wconf 89' lang='grc' dir='ltr'><em>πάθη</em></span> <span class='ocrx_word' id='word_1_205' title='bbox 1364 3217 1459 3277; x_wconf 90' lang='grc' dir='ltr'><em>προο-</em></span> 
     </span>
     <span class='ocr_line' id='line_1_26' title="bbox 279 3301 1460 3395; baseline -0.003 -20"><span class='ocrx_word' id='word_1_206' title='bbox 279 3309 462 3395; x_wconf 81' lang='grc' dir='ltr'><em>αγορευτέον</em></span> <span class='ocrx_word' id='word_1_207' title='bbox 484 3308 549 3372; x_wconf 83' lang='grc' dir='ltr'><em>ἐστὶ</em></span> <span class='ocrx_word' id='word_1_208' title='bbox 570 3309 625 3394; x_wconf 83' lang='grc' dir='ltr'><em>την</em></span> <span class='ocrx_word' id='word_1_209' title='bbox 646 3306 820 3386; x_wconf 74' lang='grc' dir='ltr'><em>ἐπιθυμίαν</em></span> <span class='ocrx_word' id='word_1_210' title='bbox 838 3304 893 3366; x_wconf 86' lang='grc' dir='ltr'><em>καὶ</em></span> <span class='ocrx_word' id='word_1_211' title='bbox 915 3305 967 3367; x_wconf 86' lang='grc' dir='ltr'><em>τὸν</em></span> <span class='ocrx_word' id='word_1_212' title='bbox 984 3306 1088 3384; x_wconf 83' lang='grc' dir='ltr'><em>θυμὸν</em></span> <span class='ocrx_word' id='word_1_213' title='bbox 1109 3301 1168 3369; x_wconf 83' lang='grc' dir='ltr'><em>ὅσα</em></span> <span class='ocrx_word' id='word_1_214' title='bbox 1185 3304 1213 3369; x_wconf 77' lang='grc' dir='ltr'><em>τ’</em></span> <span class='ocrx_word' id='word_1_215' title='bbox 1226 3305 1309 3371; x_wconf 77' lang='grc' dir='ltr'><em>ἄλλα</em></span> <span class='ocrx_word' id='word_1_216' title='bbox 1330 3314 1460 3372; x_wconf 85' lang='grc' dir='ltr'><em>τοιαῦτα</em></span> 
     </span>
     <span class='ocr_line' id='line_1_27' title="bbox 282 3414 1459 3500; baseline -0.002 -16"><span class='ocrx_word' id='word_1_217' title='bbox 282 3454 322 3468; x_wconf 91' lang='lat'><em>-</em></span> <span class='ocrx_word' id='word_1_218' title='bbox 342 3442 448 3485; x_wconf 89' lang='lat' dir='ltr'>nonne</span> <span class='ocrx_word' id='word_1_219' title='bbox 474 3420 581 3483; x_wconf 86' lang='lat' dir='ltr'>omnia</span> <span class='ocrx_word' id='word_1_220' title='bbox 609 3418 784 3482; x_wconf 87' lang='lat' dir='ltr'>rectissime</span> <span class='ocrx_word' id='word_1_221' title='bbox 813 3435 846 3478; x_wconf 87' lang='lat' dir='ltr'><em>se</em></span> <span class='ocrx_word' id='word_1_222' title='bbox 876 3414 996 3480; x_wconf 85' lang='lat' dir='ltr'>habere</span> <span class='ocrx_word' id='word_1_223' title='bbox 1025 3415 1164 3480; x_wconf 85' lang='lat' dir='ltr'>confides</span> <span class='ocrx_word' id='word_1_224' title='bbox 1188 3418 1344 3500; x_wconf 81' lang='lat' dir='ltr'>valdeque</span> <span class='ocrx_word' id='word_1_225' title='bbox 1364 3419 1459 3482; x_wconf 72' lang='lat' dir='ltr'>mira2</span> 
     </span>
     <span class='ocr_line' id='line_1_28' title="bbox 280 3526 1458 3615; baseline -0.003 -20"><span class='ocrx_word' id='word_1_226' title='bbox 280 3531 365 3596; x_wconf 83' lang='lat' dir='ltr'>beris</span> <span class='ocrx_word' id='word_1_227' title='bbox 399 3528 639 3615; x_wconf 82' lang='grc' dir='ltr'><em>άναβληθέντων</em></span> <span class='ocrx_word' id='word_1_228' title='bbox 676 3527 754 3590; x_wconf 88' lang='lat' dir='ltr'>illud</span> <span class='ocrx_word' id='word_1_229' title='bbox 787 3526 819 3589; x_wconf 88' lang='lat' dir='ltr'><em>iu</em></span> <span class='ocrx_word' id='word_1_230' title='bbox 855 3527 1097 3610; x_wconf 71' lang='grc' dir='ltr'><em>προβληθέντων</em></span> <span class='ocrx_word' id='word_1_231' title='bbox 1135 3535 1298 3592; x_wconf 86' lang='lat' dir='ltr'>mutatum</span> <span class='ocrx_word' id='word_1_232' title='bbox 1330 3528 1395 3609; x_wconf 86' lang='lat' dir='ltr'>legi</span> <span class='ocrx_word' id='word_1_233' title='bbox 1425 3531 1458 3592; x_wconf 89' lang='lat' dir='ltr'><em>in</em></span> 
     </span>
     <span class='ocr_line' id='line_1_29' title="bbox 280 3619 1459 3725; baseline -0.003 -19"><span class='ocrx_word' id='word_1_234' title='bbox 280 3641 419 3706; x_wconf 89' lang='lat' dir='ltr'>editione</span> <span class='ocrx_word' id='word_1_235' title='bbox 439 3636 633 3704; x_wconf 82' lang='lat' dir='ltr'>novissima?</span> <span class='ocrx_word' id='word_1_236' title='bbox 672 3637 831 3703; x_wconf 76' lang='lat' dir='ltr'>cleliam</span> <span class='ocrx_word' id='word_1_237' title='bbox 862 3619 969 3719; x_wconf 63' lang='lat' dir='ltr'><strong>557,st</strong></span> <span class='ocrx_word' id='word_1_238' title='bbox 992 3627 1043 3719; x_wconf 77' lang='grc' dir='ltr'><em>ἆρ’</em></span> <span class='ocrx_word' id='word_1_239' title='bbox 1057 3630 1112 3702; x_wconf 79' lang='grc' dir='ltr'><em>οὖν</em></span> <span class='ocrx_word' id='word_1_240' title='bbox 1138 3638 1196 3725; x_wconf 75' lang='grc' dir='ltr'><em>ἤδη</em></span> <span class='ocrx_word' id='word_1_241' title='bbox 1227 3638 1459 3720; x_wconf 82' lang='grc' dir='ltr'><em>καταπαύωμεν</em></span> 
     </span>
     <span class='ocr_line' id='line_1_30' title="bbox 279 3744 1460 3837; baseline -0.003 -20"><span class='ocrx_word' id='word_1_242' title='bbox 279 3751 428 3818; x_wconf 74' lang='grc' dir='ltr'><em>ἐνταυθοῖ</em></span> <span class='ocrx_word' id='word_1_243' title='bbox 454 3751 507 3814; x_wconf 85' lang='grc' dir='ltr'><em>τὸν</em></span> <span class='ocrx_word' id='word_1_244' title='bbox 534 3751 626 3834; x_wconf 80' lang='grc' dir='ltr'><em>λόγον</em></span> <span class='ocrx_word' id='word_1_245' title='bbox 650 3744 671 3837; x_wconf 82' lang='grc' dir='ltr'><em>ἢ</em></span> <span class='ocrx_word' id='word_1_246' title='bbox 700 3754 927 3833; x_wconf 78' lang='grc' dir='ltr'><em>προστιθῶμεν</em></span> <span class='ocrx_word' id='word_1_247' title='bbox 949 3747 1037 3832; x_wconf 76' lang='grc' dir='ltr'><em>αὐτῷ</em></span> <span class='ocrx_word' id='word_1_248' title='bbox 1065 3748 1236 3834; x_wconf 79' lang='grc' dir='ltr'><em>κεφάλαιον</em></span> <span class='ocrx_word' id='word_1_249' title='bbox 1261 3748 1293 3813; x_wconf 75' lang='grc' dir='ltr'><em>ἐν</em></span> <span class='ocrx_word' id='word_1_250' title='bbox 1321 3775 1351 3814; x_wconf 90' lang='grc' dir='ltr'><em>τι</em></span> <span class='ocrx_word' id='word_1_251' title='bbox 1380 3757 1435 3813; x_wconf 77' lang='grc' dir='ltr'><em>τοῦ</em></span> <span class='ocrx_word' id='word_1_252' title='bbox 1442 3775 1460 3814; x_wconf 93' lang='grc' dir='ltr'><em>ν</em></span> 
     </span>
     <span class='ocr_line' id='line_1_31' title="bbox 280 3858 1066 3947; baseline -0.008 -18"><span class='ocrx_word' id='word_1_253' title='bbox 280 3862 516 3946; x_wconf 71' lang='grc' dir='ltr'><em>ἔμπροσθεν</em></span> <span class='ocrx_word' id='word_1_254' title='bbox 539 3860 711 3947; x_wconf 82' lang='grc'>(546,4-7)</span> <span class='ocrx_word' id='word_1_255' title='bbox 732 3858 1066 3945; x_wconf 81' lang='grc' dir='ltr'><em>άναβληθέντων;</em></span> 
     </span>
    </p>
   </div>
   <div class='ocr_carea' id='block_1_6' title="bbox 351 4117 945 4189">
    <p class='ocr_par' dir='ltr' id='par_1_6' title="bbox 351 4117 945 4189">
     <span class='ocr_line' id='line_1_32' title="bbox 351 4117 945 4189; baseline -0.012 -15"><span class='ocrx_word' id='word_1_256' title='bbox 351 4121 374 4189; x_wconf 85' lang='lat'><em>¹)</em></span> <span class='ocrx_word' id='word_1_257' title='bbox 393 4119 428 4175; x_wconf 86' lang='lat' dir='ltr'><em>cf.</em></span> <span class='ocrx_word' id='word_1_258' title='bbox 447 4118 568 4173; x_wconf 89' lang='lat' dir='ltr'>Bonitzii</span> <span class='ocrx_word' id='word_1_259' title='bbox 585 4117 642 4172; x_wconf 85' lang='lat' dir='ltr'>ind.</span> <span class='ocrx_word' id='word_1_260' title='bbox 661 4117 781 4170; x_wconf 86' lang='lat' dir='ltr'>Aristot.</span> <span class='ocrx_word' id='word_1_261' title='bbox 799 4117 945 4169; x_wconf 68' lang='lat' dir='ltr'>assumes.</span> 
     </span>
    </p>
   </div>
   <div class='ocr_carea' id='block_1_7' title="bbox 0 0 1658 5122">
    <p class='ocr_par' dir='ltr' id='par_1_7' title="bbox 0 0 1658 5122">
     <span class='ocr_line' id='line_1_33' title="bbox 0 0 1658 5122; baseline 0 0"><span class='ocrx_word' id='word_1_262' title='bbox 0 0 1658 5122; x_wconf 95' lang='lat' dir='ltr'><em> </em></span> 
     </span>
    </p>
   </div>
  </div>
 </body>
</html>
