3308 5122
806 340 1019 402 -15..

323 533 429 598 καλεῖν
456 529 568 620 ὀδύνην
600 529 621 619 ἢ
653 531 759 608 πόνον,
792 531 831 598 οὕ
861 555 918 615 μοι
951 531 1233 618 decerperemus
1265 530 1328 620 γαρ
1357 530 1442 614 ogre
1474 556 1511 600 σε

324 649 504 730 μεμνῆσθαι
535 649 591 708 τοῦ
610 642 772 729 διαφέρειν
791 640 938 731 ἀλλήλων
968 642 1024 730 τήν
1055 668 1088 709 τε
1116 643 1268 726 διάθεσιν,
1298 641 1335 732 ἣν
1363 643 1446 725 ίαχει
1469 647 1511 710 τά

324 753 457 834 σώματα
478 760 535 838 τῆς
556 751 682 838 φύσεως
705 753 898 837 ἒξιοτάμενα,
929 754 980 819 καὶ
1009 754 1065 841 την
1086 753 1232 840 αἴσθησιν
1257 752 1363 842 αὐτῆς.
1401 775 1509 838 neque

325 865 410 928 enim
431 863 483 930 hic
501 864 591 930 locus
613 871 700 930 recte
722 866 868 932 redditus
889 871 938 931 est
959 867 993 931 in
1009 865 1168 932 Bernerdi
1182 865 1337 932 Feliciani
1359 868 1509 934 versione

248 998 251 1007 ·
323 975 445 1040 Latina
466 996 486 1040 e
508 974 664 1041 Muellero
689 977 869 1059 emendata,
900 999 973 1042 oum
996 998 1060 1042 non
1088 979 1121 1043 id
1149 978 1237 1044 dicat
1259 977 1402 1046 Galenus
1423 977 1509 1044 nihil

324 1085 444 1152 referre
468 1087 561 1154 dolor
584 1109 632 1152 cn
654 1088 747 1154 labor
768 1094 900 1154 vocetur
921 1088 1048 1161 affectio
1072 1089 1236 1174 (διάθεσις)
1259 1089 1323 1170 illa,
1346 1088 1402 1154 sed
1423 1088 1508 1154 haec

325 1199 368 1264 sit
389 1199 565 1264 sententia:
587 1193 748 1266 ‘accurate
770 1199 798 1265 si
819 1199 924 1266 dicere
946 1201 1040 1282 voles,
1059 1222 1123 1265 non
1145 1200 1275 1266 debebis
1295 1200 1396 1264 solem
1414 1199 1509 1264 illam

324 1308 526 1376 affectionem
556 1311 700 1378 dolorem
729 1311 793 1376 vel
822 1312 964 1378 laborem
995 1332 1191 1396 nuncupare,
1219 1311 1275 1376 sed
1303 1310 1508 1379 effectionem

324 1441 397 1486 oum
419 1441 512 1486 sensu
534 1421 705 1510 (αἰσθήσει)
728 1424 945 1504 coniunctam
974 1444 1173 1508 quamquem
1194 1440 1309 1490 vocare
1329 1422 1356 1487 si
1376 1422 1424 1486 ita
1446 1423 1507 1504 vis,

324 1532 404 1598 nihil
437 1533 535 1600 refert
565 1530 618 1618 (es
645 1536 716 1620 ίίνηί
742 1534 840 1600 umbro
861 1535 982 1620 ιίυνυνι,
1012 1555 1121 1598 ωοννι
1149 1534 1195 1598 uo
1222 1534 1271 1598 die
1300 1532 1446 1610 διάθεοις
1472 1555 1508 1598 so

324 1643 397 1711 oder
425 1665 458 1710 νο
492 1665 612 1710 neuneu
643 1645 754 1728 utlot',
788 1667 852 1710 non
885 1642 980 1732 ‘oh');
1015 1645 1226 1727 nequeenim
1257 1645 1399 1728 urgenda
1428 1653 1508 1710 sunt

324 1755 463 1837 nomine,
483 1757 578 1822 modo
600 1777 650 1822 res
672 1752 843 1822 tenemur.³

313 1911 317 1920 ·
412 1866 552 1934 Omnino
580 1867 736 1934 latissime
765 1874 877 1953 petere
906 1867 1139 1952 particulorum
1169 1873 1205 1932 τί
1221 1915 1250 1932 ..
1268 1871 1320 1931 καί
1348 1888 1442 1934 usum
1471 1873 1507 1932 et

315 1999 366 2044 ‘ex
381 2000 418 2044 eo
433 1979 504 2046 loco
527 2001 623 2062 quem
639 1981 735 2046 modo
753 1981 956 2050 laudavimus
972 1984 1118 2063 apparet,
1139 1980 1172 2044 in
1192 2000 1257 2061 quo
1273 1984 1321 2048 est
1344 1977 1508 2064 διαφέρειν

315 2086 471 2176 α’λλνήλων
497 2091 553 2178 τήν
581 2117 615 2157 τε
642 2091 785 2158 διάθεσιν
801 2140 829 2156 ..
846 2093 898 2156 καὶ
923 2091 979 2177 την
1006 2090 1153 2176 αἴσθησιν
1181 2088 1279 2176 αὐτῆς
1303 2096 1335 2155 et
1363 2111 1403 2154 ex
1431 2089 1505 2154 aliis

325 2202 449 2266 multis:
483 2207 575 2284 216,4
600 2203 765 2285 διαιρίνειν
792 2203 954 2285 δυνάμεθα
982 2203 1036 2268 τόν
1066 2199 1094 2268 τ’
1107 2198 1213 2288 ἀληθῆ
1242 2201 1294 2268 καὶ
1321 2203 1374 2264 τὸν
1399 2201 1508 2288 ψευδῆ

325 2311 434 2396 λόγον;
463 2309 571 2396 651,ιὸ
593 2311 648 2390 οὓς
675 2313 787 2397 λόγως
814 2313 996 2396 διαιροῦμεν
1021 2313 1067 2392 είς
1093 2338 1127 2379 τε
1156 2312 1230 2391 τούς
1250 2311 1429 2399 ῥητορικοδς
1452 2313 1506 2377 καὶ

324 2421 398 2500 τούς
416 2424 667 2509 οοφιστικυύς;1)
697 2428 786 2506 345,1
813 2421 846 2488 ἐκ
871 2430 928 2510 τῆς
951 2430 1015 2488 τῶν
1039 2421 1180 2490 ἅνανταῖν
1205 2449 1239 2490 τε
1264 2424 1316 2488 καὶ
1345 2429 1505 2488 καταντιῦν

325 2539 449 2617 χωρίων
489 2534 647 2620 διαφορᾶς
682 2534 780 2601 ἔνεστι
820 2540 953 2616 μαθεῖν;
995 2535 1034 2600 cf.
1076 2537 1220 2621 exempla
1258 2535 1503 2620 praepositionis

324 2645 441 2727 μεταξδ
460 2667 545 2710 cum
571 2645 608 2711 τέ
622 2695 648 2710 ..
667 2652 719 2711 καί
755 2648 944 2714 coniunctae
979 2669 1076 2730 supra
1104 2653 1147 2732 (p.
1176 2651 1207 2732 7)
1234 2648 1342 2713 allate.
1383 2646 1504 2730 quibus

324 2758 402 2823 locis
430 2757 639 2823 consideratis
666 2756 781 2823 dubito
805 2780 882 2824 num
911 2765 997 2825 recte
1019 2784 1053 2824 τε
1080 2759 1215 2824 eiectum
1241 2761 1283 2823 sit
1304 2781 1324 2824 a
1345 2758 1504 2824 Muellero

325 2874 435 2952 b90‚7,
460 2868 516 2934 ubi
535 2869 569 2932 in
591 2869 752 2936 codicibus
778 2871 895 2953 legitur
923 2870 1011 2937 ια’λει
1031 2869 1068 2946 δ’,
1099 2869 1192 2954 εἰἰιερ
1214 2867 1343 2948 ἐθέλεις,
1372 2871 1425 2936 καὶ
1446 2869 1505 2956 τήν

325 2978 357 3044 ἐν
373 3029 380 3044 .
394 3030 401 3046 .
417 2987 462 3064 τηῦ
489 2978 709 3064 ἐπιθυμητικῷ
734 2986 896 3066 γινομένην
924 2978 1037 3068 ἅρετην
1065 2981 1266 3066 σωφροσύνην
1294 2973 1506 3068 aridissimis

290 3171 291 3178 ¹
325 3089 597 3172 ἕντιοκειττομένων
617 3093 767 3178 περὶτῆς
787 3088 856 3155 κατ’
870 3089 969 3177 αὐτην
989 3089 1190 3174 Ἀριστοτέλει
1212 3115 1252 3156 τε
1274 3094 1339 3157 καὶ
1357 3092 1506 3160 Πλάτωνι

323 3207 527 3288 γεγενημένης
546 3202 727 3287 διαφωνίας,
744 3223 941 3284 quamquam
964 3224 985 3267 a
1006 3209 1115 3268 nostre
1130 3203 1292 3287 cogitandi
1310 3203 1506 3286 dicendique

324 3311 451 3376 ratione
473 3312 552 3378 illud
574 3317 610 3377 τέ
625 3361 632 3378 .
648 3361 655 3378 .
674 3317 727 3376 καί
748 3313 837 3378 setis.
849 3313 1009 3380 abhorret.

397 3534 418 3602 ¹)
436 3538 562 3588 ceterum
580 3533 644 3587 luce
662 3533 761 3587 clarius
780 3536 823 3586 est
840 3532 893 3588 hoo
918 3534 979 3588 loco
1004 3535 1171 3608 (ssblpr-u)
1195 3534 1334 3590 Galenum
1356 3534 1450 3604 dicere
1473 3553 1507 3591 se

324 3619 397 3673 libro
422 3620 545 3673 secundo
572 3619 775 3674 demonstrasse
798 3635 833 3672 ex
856 3618 911 3672 illis
929 3619 1092 3675 Stoicorum
1116 3620 1374 3675 ratiocinationibus
1397 3636 1433 3674 ne
1458 3638 1508 3675 ens

325 3705 438 3775 quidem
457 3724 528 3775 quae
546 3707 666 3760 maxime
684 3706 844 3776 probabiles
859 3723 918 3762 esse
930 3706 1095 3760 viderentur
1107 3707 1144 3760 ad
1155 3705 1402 3761 demonstrandum
1414 3709 1508 3775 aptas,

324 3792 375 3847 sed
392 3793 460 3846 alias
479 3793 655 3860 dialectices,
678 3793 744 3846 elias
768 3793 924 3848 rhetoricas
949 3797 978 3846 et
1004 3791 1168 3860 sophisticas
1192 3807 1263 3844 esse:
1290 3790 1325 3844 cf.
1343 3791 1418 3854 2515
1440 3792 1508 3846 ἴσως

323 3879 376 3942 μὲν
401 3871 450 3928 οὖν
473 3881 548 3930 τοῦτ’
573 3881 661 3930 αἴτιον
685 3876 752 3932 αὐτὸ
773 3878 915 3948 γενήσεται
938 3878 987 3929 τοῦ
1012 3879 1140 3936 ἐπαίνου,
1165 3876 1225 3926 ἐπεί
1240 3896 1283 3926 τοι
1302 3877 1328 3928 ol
1345 3876 1416 3944 (ἐπεὶ
1431 3874 1456 3944 γ’
1477 3881 1507 3928 οἱ

313 3961 491 4018 ·Pelersenus
509 3983 536 4034 p.
555 3966 601 4034 45)
624 3965 843 4031 μνημονεύοντες
867 3967 925 4017 τῶν
947 3965 1097 4030 εἰρημένων
1115 3962 1145 4012 ἓν
1168 3962 1209 4025 τῷ
1231 3957 1346 4030 δευτέρου
1370 3959 1441 4029 λόγῳ
1465 3982 1507 4030 γι-

323 4045 475 4100 νώσκουσιν
492 4049 561 4115 ἡμᾶς
577 4049 610 4102 τὸ
630 4049 740 4118 ἰσχυρόν
756 4071 786 4102 τε
803 4055 848 4102 καὶ
863 4063 990 4119 γενναῖον
1009 4044 1049 4099 ὦν
1062 4045 1225 4116 Χρύσιππος
1243 4046 1318 4099 εἶπεν
1335 4045 1508 4114 ἀνατρέπον-

322 4153 371 4188 ται
394 4133 526 4189 ἐάσαντας
543 4155 573 4186 τε
595 4134 627 4186 τὸ
652 4133 857 4188 ἀσθενέστατον
881 4132 1056 4186 ἐπιδεικνύειν
1080 4131 1163 4184 αὐτοῦ
1187 4129 1221 4185 τὰ
1245 4131 1396 4202 σφάλματα.
1431 4132 1508 4187 mira

324 4219 450 4276 invenias
467 4221 498 4276 iu
513 4220 644 4276 Muellsri
660 4222 786 4276 versione
804 4221 914 4274 Latine.
