2956 4942
634 328 845 388 -21-

146 526 308 609 ἐπάνειμι.
329 524 363 590 iu
385 522 504 607 quibus
525 518 643 604 αὐτοῖς,
667 521 754 606 quod
773 521 948 587 Muellerus
967 523 1056 587 uneis
1076 519 1216 601 inclusit,
1237 518 1325 585 hund

145 640 255 705 minus
275 656 387 703 verum
407 656 477 702 esse
499 633 578 700 mihi
602 635 729 701 videtur
751 655 849 718 quam
870 633 950 699 illud
977 631 1087 699 ἐκεῖνοι
1108 630 1196 715 qued
1218 634 1325 713 197,ιε

145 751 307 834 scriptum
334 747 490 832 legimus,
520 745 571 812 vel
600 738 687 812 οὗτοι
717 767 782 830 quo
809 749 915 826 356,ss
945 744 1166 829 significantur
1194 742 1225 809 ο1
1251 742 1325 827 περὶ

147 854 344 944 Χράσιππον
378 858 434 946 (ef.
465 848 556 940 35531
593 853 758 942 ἀναγκάζει
787 857 848 944 γάρ
881 853 964 945 ἡμᾶς
985 853 1077 944 ...ἡ
1109 858 1327 940 Χρυσίππειος

148 973 299 1058 ἑρμηνεία
318 971 371 1036 καὶ
391 967 481 1036 ταῦτ’
496 968 700 1058 ἐξηγεῖσθαι).
738 990 853 1052 nempe
873 967 1047 1036 adversarii
1069 968 1117 1035 illi
1145 966 1185 1033 de
1208 965 1326 1051 quibus

148 1086 414 1166 184‚11-185,12
431 1084 550 1167 agitur,
581 1082 637 1166 qui
660 1085 749 1165 190,ε
767 1104 803 1164 s,
834 1085 941 1163 191,ιε
963 1101 1015 1162 ss„
1046 1082 1153 1162 182,ss
1172 1100 1214 1145 ss.
1242 1099 1327 1145 eom·

144 1200 387 1277 memorantur,
423 1194 481 1278 qui
508 1198 580 1258 tete
608 1193 669 1259 hae
701 1193 978 1279 argumentatione
1006 1192 1249 1274 impugnentur,
1279 1190 1328 1257 its

147 1312 364 1378 obversantur
392 1305 569 1390 legentium
599 1305 724 1389 animis,
757 1312 794 1371 ut
821 1305 1035 1372 etiamsinon
1064 1301 1161 1386 paulo
1183 1307 1259 1367 ente
1286 1301 1327 1368 δε

147 1423 338 1490 eis'dietum
357 1421 409 1503 sit,
429 1424 536 1485 lamen
559 1417 640 1484 illud
662 1414 770 1495 αὐτοῖς
793 1417 835 1483 ad
855 1437 909 1482 ees
931 1414 1088 1499 pertinere
1108 1413 1327 1498 unusquisque

146 1535 249 1605 facile
270 1532 413 1601 sentiat.r

705 1728 772 1794 XI.

237 1873 346 1951 200,1e
376 1865 488 1932 τούτου
518 1867 579 1952 γάρ
614 1863 824 1943 άπδτεδέντος
860 1863 906 1944 ιδς
937 1862 1094 1953 άληδοῦς,
1128 1860 1184 1932 εἶτ’
1206 1864 1239 1931 ἐκ
1271 1873 1327 1932 τοῦ

147 1978 382 2069 φαίνεσθαι
411 1977 671 2065 προσληφθέντος
699 1975 744 2056 ιδς
771 1975 943 2063 ἐγκεφάλου
973 1977 1073 2062 ψαύει
1097 1977 1137 2043 τά
1165 1969 1238 2057 εἶπα,
1269 2002 1325 2044 πε-

145 2086 281 2177 ραίνοιτ’
308 2085 358 2163 δν,
385 2087 445 2178 ἤδη
478 2088 515 2154 τδ
547 2090 600 2154 καὶ
636 2089 693 2176 τήν
725 2086 824 2177 άρχην
857 2088 964 2168 αὐτοῖς
996 2088 1151 2178 ἐνεργείας
1184 2088 1328 2159 ἐντεῦθεν

145 2200 314 2286 ὑπάρχειν.

235 2311 312 2380 Non
334 2317 404 2378 eret
423 2313 638 2379 necessarium
659 2315 732 2382 eoll.
756 2318 846 2400 mue
864 2337 905 2382 ss.
927 2310 1016 2403 (ὥστ’
1031 2315 1098 2382 ἰὀυν
1119 2314 1166 2382 ἔτι
1184 2320 1272 2399 μένει
1291 2315 1328 2382 τά

150 2425 337 2513 ζητούμενον
367 2422 403 2505 ἐξ
417 2419 522 2509 ’άρχῆς
548 2422 638 2492 οὐδὲν
660 2425 694 2492 έκ
720 2435 835 2512 γετοῦ
856 2433 1044 2514 φαινομένου
1065 2427 1148 2514 πρὸς
1169 2423 1329 2516 οὐδέτερον

148 2543 215 2604 τοῖν
235 2533 402 2621 δογμάτων
417 2535 592 2625 ἐπικλῖνον)
608 2539 830 2625 similibusque
845 2542 924 2607 locis
941 2541 1041 2624 (velut
1059 2539 1120 2605 III
1140 2544 1202 2607 298
1215 2539 1328 2631 [iim]

149 2658 353 2735 μαρτυρεῖται
374 2648 457 2731 πρὸς
482 2656 539 2715 τοῦ
561 2656 749 2737 φαινομένου
773 2659 876 2735 τοῦτο)
899 2653 1039 2720 scribere
1059 2657 1248 2739 φαινομένου
1268 2674 1328 2737 pro

149 2764 331 2848 φαίνεσθαι,
361 2762 448 2846 qued
479 2783 544 2828 non
576 2762 682 2829 minus
717 2771 803 2831 reete
835 2766 956 2832 dietum
990 2785 1058 2829 esse
1090 2770 1225 2849 apparet
1256 2765 1327 2831 coll.

151 2873 256 2939 1483
279 2876 393 2957 (5130)
416 2871 646 2960 (Ἱπποκράτης)
668 2873 702 2940 ἐκ
726 2875 783 2958 μὲν
808 2883 865 2942 τοῦ
894 2881 1121 2964 φαίνεσθαι
1143 2876 1257 2961 λαβών,
1279 2872 1329 2943 ὄτι

149 2981 190 3048 τά
211 2982 421 3070 πλησιάζοντα
442 2985 576 3070 σώματα
595 2987 803 3072 μεταβάλλειν
822 2986 869 3066 εἰς
889 2985 1012 3074 άλληλα
1033 2993 1178 3074 πέφυκεν,
1202 2988 1259 3054 ubi
1281 2988 1328 3055 in·

150 3094 294 3162 finitivus
314 3097 523 3165 confirmetur
542 3098 648 3166 verbis
670 3100 824 3184 oppositis
853 3097 886 3165 ἐκ
910 3099 945 3166 δὲ
970 3106 1027 3166 τοῦ
1056 3099 1283 3186 προδεδεῖχθυι
1299 3150 1328 3169 ..

149 3201 254 3284 εἰδώς.

697 3409 784 3477 ΧΠ.

239 3543 348 3625 ‘nllus
371 3541 442 3609 ἐπεὶ
463 3545 498 3612 δὲ
524 3545 603 3611 κατά
624 3546 661 3612 τδ
682 3554 738 3634 τῆς
766 3550 880 3629 λέξεως
908 3555 1015 3637 σχῆμα
1036 3552 1331 3635 πεπανουργημένην

151 3648 367 3738 άμφιοβολίαν
384 3653 583 3724 ἐπεσπάσατο
599 3657 647 3738 (τδ
664 3657 810 3743 δεύτερον
830 3663 962 3749 λῆμμα),
980 3664 1035 3729 τοῦ
1057 3661 1204 3748 τετάρτου
1225 3664 1331 3744 γένους

151 3762 342 3854 ἐντούτῳ
362 3775 518 3852 μετέσχεν.

238 3875 350 3947 Verba
376 3881 410 3946 έν
433 3884 533 3971 τούτῳ
554 3883 643 3949 haud
665 3885 730 3948 seio
752 3903 795 3948 an
816 3885 936 3950 iniuria
962 3885 1113 3951 deleverit
1135 3882 1327 3966 Muellerus3

151 3989 281 4071 saepius
310 3992 394 4057 enim
421 3995 508 4078 apud
537 3996 698 4064 Gelenum
728 3994 883 4060 eiusmodi
910 3995 1055 4060 formulis
1083 3994 1259 4061 sententiae
1283 4016 1330 4062 se·

150 4099 325 4168 eunderine
352 4103 386 4169 in
415 4107 549 4190 epodosi
583 4105 911 4191 comprehenduntur3
945 4105 985 4172 ef.
1016 4110 1124 4191 ³51,16
1146 4101 1221 4172 ὅταν
1254 4103 1330 4172 δέν

151 4206 263 4288 αὐτοῖς
282 4209 331 4292 οἷς
352 4221 528 4303 φθέγγονταί
548 4244 596 4298 τις
617 4217 739 4284 ἐναντία
758 4241 793 4284 τε
813 4217 866 4282 καλ
892 4223 1050 4298 παντοίως
1069 4217 1234 4304 μαχόμενα
1253 4240 1328 4302 συμ·

150 4316 260 4415 πλὲξη,
288 4341 397 4416 συγχεῖ
421 4330 473 4397 καλ
500 4331 644 4418 ταράσσει
665 4331 722 4421 την
745 4329 944 4397 διδασκαλίαν
966 4329 1004 4395 έν
1034 4335 1089 4417 τῷ
1096 4330 1115 4395 δ
1122 4355 1138 4398 ε
1166 4335 1200 4397 et
1221 4334 1330 4416 618,1e
