2956 4942
634 335 843 396 ..22-

147 528 220 598 όσον
252 529 392 619 ἕπιλήθη
416 529 466 612 (τό
494 535 622 613 νεῦρον),
655 526 757 594 eost
766 555 783 607 ς
814 529 853 593 ἑν
891 525 997 613 αιλτιιῦ
1018 528 1147 614 τούτῳ
1180 537 1333 620 τοσοῦτον

145 641 334 726 ἀπεχώρησε
350 648 405 728 τῆς
419 639 593 727 irrequies
612 641 744 727 φύσεως,
761 641 818 705 ubi
837 640 935 706 rerba
954 637 1053 718 εόθιλς
1074 638 1106 704 ἐν
1122 639 1211 726 αότιιῦ
1226 643 1332 730 τούτῳ

150 754 352 830 οΜιιολλοισ
383 752 454 836 ipsa
481 774 610 836 quoque
644 755 744 817 eiecta
773 752 860 817 haud
894 754 997 818 minus
1026 760 1114 818 recte
1137 754 1227 819 diota
1266 777 1334 821 esso

150 865 229 935 mihi
249 865 397 943 videntur
419 885 517 947 quam
540 860 668 942 εόθός
688 865 754 928 καὶ
775 864 843 955 διό
864 871 984 930 τοῦτο
1007 870 1106 947 slep,
1144 867 1267 932 similia
1287 869 1334 932 in-

144 978 319 1054 ueniuntnr
338 956 411 1062 post
433 976 650 1042 aecusatirum
674 982 706 1041 et
727 978 909 1060 genetivum
924 999 1005 1061 quos
1027 979 1139 1045 dicunt
1161 979 1336 1045 absolutos

147 1094 242 1175 294,9
256 1090 364 1171 ,δόξαν
381 1140 409 1157 ..
427 1102 493 1168 τοῖς
520 1090 655 1173 ἑταίροις
682 1087 811 1172 ἄμεινον
841 1083 922 1155 εἶναι
945 1087 1020 1177 μηδ’
1038 1086 1096 1156 όσα
1124 1091 1338 1159 παντάπασιν

143 1200 353 1291 ,ηόολέσχηται
385 1210 431 1296 τιιῦ
452 1201 645 1288 Χρυσίππῳ,
677 1202 756 1288 μηδὲ
778 1197 873 1266 ταῦθ’
898 1196 1071 1289 ὑπερβῆναι
1101 1205 1335 1282 παντελῶς...

144 1314 217 1391 ,deci
249 1322 372 1390 τοτ’-το
402 1319 585 1399 προσέθηκα
615 1314 716 1377 πάντα
744 1320 842 1378 ταῦτα
868 1314 949 1385 ,κατὰ
978 1314 1049 1378 τόιλε
1079 1313 1114 1378 τό
1145 1318 1271 1398 βιβλίον
1303 1325 1336 1384 et

144 1432 243 1521 ,λἰλλθμ
269 1429 337 1514 (τοῦ,
352 1422 493 1514 ἥπατος)
514 1421 765 1509 μεταβόλλοντός
789 1449 824 1490 τε
852 1427 904 1489 καὶ
925 1423 1125 1503 όλλοιοῦντσς
1153 1426 1334 1515 ἕπιτηόειο·

151 1546 226 1625 τέρα
248 1539 263 1605 ἑ
271 1564 288 1604 ν
309 1539 388 1626 τηλό
395 1563 410 1603 ε
432 1543 549 1625 γίνεται
572 1533 604 1624 (ἦ
625 1536 741 1624 τροφή)
763 1549 829 1615 τοῖς
849 1536 926 1620 μεθ’
948 1529 1036 1624 ἧπαρ
1057 1544 1190 1623 μορίοις.

587 1884 592 1893 ·
686 1845 793 1911 XIII.

147 2042 150 2049 .
234 1991 329 2068 221,6
338 1984 375 2062 ἐλ
390 1986 425 2064 όέ
439 2008 474 2068 γε
489 1981 589 2049 πάνθ’
603 1978 723 2080 ὁμοίως
736 1985 909 2071 ἑριοιηθείη
920 1984 971 2066 (τό
985 1991 1040 2050 τοῦ
1052 1986 1145 2069 λόγου
1156 1985 1329 2073 λήμματα),

151 2097 234 2176 parri
243 2097 304 2180 μὲν
324 2096 380 2188 την
399 2095 438 2185 ἐξ
452 2096 604 2180 πρόθεσιν
625 2095 657 2160 ἐν
676 2102 722 2183 τιιό
744 2102 927 2184 προτέρῳ
950 2096 1091 2189 λήμματι
1112 2098 1277 2185 γενήσεται
1297 2102 1329 2165 τὸ

151 2210 280 2297 ψεῦδος.

170 2319 322 2417 (lum
329 2322 546 2407 §appareret
536 2343 568 2385 1n
589 2320 635 2386 eis
660 2339 791 2403 quaer
816 2323 943 2388 10-‘14
965 2328 1104 2405 sequunt
1105 2344 1144 2389 ur
1090 2268 1326 2390 t'Galenum

151 2434 310 2529 proficisci
330 2435 372 2500 ολ)
390 2455 429 2512 ea
445 2433 699 2527 ratiocinationis
719 2433 822 2498 forma
839 2454 937 2516 quam
953 2437 1016 2499 219
1018 2451 1131 2516 ,11-17
1151 2438 1325 2520 proposuit,

146 2545 328 2614 Gornerius
356 2546 480 2629 primus
510 2519 680 2610 offendit
671 2568 703 2610 ιιι
733 2545 880 2612 verbis'
865 2569 898 2610 εν
926 2569 971 2630 τῳ
1000 2550 1146 2630 προτέρῳ
1177 2546 1324 2633 λημμοτι

151 2658 363 2756 nequeenim
390 2658 430 2724 de
459 2657 525 2723 alie
544 2656 763 2740 propositione
790 2658 880 2741 loqui
906 2661 1012 2741 potest
1030 2655 1178 2726 Galenus
1199 2661 1265 2726 nisi
1291 2661 1326 2743 de

150 2752 228 2834 heo:
246 2792 263 2834 ο
255 2742 400 2853 ‘loyor’
386 2792 419 2833 ικ
429 2770 485 2854 τῆς
495 2765 835 2850 ιλιανοίαςέκπέμπεται
846 2768 901 2856 (of.
914 2773 986 2851 220,
990 2786 1092 2840 11-14
1106 2775 1140 2833 ot
1146 2773 1326 2856 susp-op

151 2882 232 2962 haee
253 2900 326 2958 vero
348 2881 491 2965 proposit
491 2880 522 2946 io
545 2881 705 2963 quomodo
735 2881 850 2966 prior
872 2881 1028 2966 appellari
1050 2885 1169 2967 possit,
1139 2883 1326 2950 tdiffioile

146 3010 221 3059 esse
231 2994 317 3073 videt
319 3016 358 3058 ur
303 2993 477 3059 t'tad
427 3015 462 3057 ιιι
463 2993 690 3088 tellegendum.
716 3015 775 3058 neo
786 3015 861 3059 vero
872 2992 966 3060 facile
976 2993 1115 3077 explieat
1115 3016 1156 3058 ur
1167 2997 1326 3083 quomodo

147 3105 326 3201 δευτέρῳ
339 3083 433 3203 quod
455 3106 623 3189 proposuit
641 3103 846 3172 Oornarius
837 3127 871 3169 ιιι
891 3111 1034 3192 προτέρῳ
1056 3111 1326 3192 corruptum',
1275 3116 1325 3175 s1t·

152 3217 359 3301 quamobrem
369 3217 545 3282 Muellerus
561 3216 686 3284 verba
672 3241 705 3282 εν
718 3243 762 3303 τῳ
779 3224 923 3304 προτέρῳ
907 3217 1043 3283 rdelere
1056 3217 1199 3286 maluit
1189 3229 1326 3303 meante

152 3330 228 3412 quid
252 3331 337 3394 enim
357 3329 414 3395 fiet
435 3329 476 3394 de
494 3329 598 3394 verbis
618 3335 710 3394 τοῦτο
738 3328 797 3410 μὲν
817 3326 982 3416 αληθις”
963 3329 1071 3395 sorar?
1109 3351 1198 3412 quae
1219 3334 1327 3401 deletis

151 3440 296 3507 verbis’
283 3465 315 3505 εν
343 3466 387 3526 τῳ
416 3446 560 3526 προτέρῳ
584 3441 723 3528 λήμματι
751 3462 815 3506 non
842 3442 907 3506 iam
927 3447 1060 3525 possunt
1081 3441 1244 3530 intellegi.
1278 3469 1327 3532 ego

143 3553 282 3653 quidem
304 3553 423 3635 siquid
439 3554 566 3618 omnino
582 3554 773 3619 mutandum
788 3560 948 3638 putarem,
969 3575 1184 3640 proponerem
1205 3567 1246 3626 nt
1265 3560 1326 3626 coll

151 3670 213 3757 ¹582
215 3684 282 3762 ,ι4,
307 3664 364 3731 ubi
385 3666 562 3749 propositio
574 3668 739 3759 posterior
759 3662 892 3751 θάτερον
920 3690 984 3730 των
1005 3667 1182 3754 λημμάτων
1207 3671 1287 3753 <licit
1273 3679 1326 3755 tur,

151 3778 304 3843 scriberet
290 3782 344 3842 tur
365 3777 504 3867 ἑτέρῳ,
527 3780 678 3861 quoniam
693 3779 741 3843 alt
727 3785 796 3844 tero
812 3800 938 3861 quoque
953 3779 1068 3849 horum
1084 3779 1254 3850 librorum
1265 3786 1326 3852 loeo

148 3893 185 3955 in
214 3889 375 3957 codicibus
404 3892 567 3978 πρότερον·
583 3891 702 3974 legitur
735 3893 791 3958 ubi
825 3914 865 3957 ne
894 3892 1037 3958 dubitari
1065 3894 1205 3976 quidem
1238 3899 1327 3983 pessit

145 4005 230 4086 quin
251 4007 337 4068 recte
357 4001 534 4070 Oornarius
557 4004 736 4071 restituerit
757 4003 861 4091 ἕτερον
880 4008 1003 4087 (487,13
1023 4005 1059 4069 τό
1081 4002 1113 4070 δ’
1128 4005 1244 4096 ἕτερον
1261 4008 1328 4080 εἶναι
1368 4022 1370 4081 ζ

149 4120 421 4198 τσό,,θομοομένου
442 4118 477 4184 τό
489 4116 695 4200 ,λογιζόμενον
716 4114 781 4182 οὔτ’
794 4113 986 4197 ἀποδείξεως
1000 4117 1101 4184 δεῖται
1118 4121 1251 4211 μακρᾶς
1269 4123 1328 4192 οὔτε

147 4233 260 4313 σοφιὶν
281 4230 647 4319 τῷνμαρτιιρησόντων).
692 4229 748 4295 sed
770 4248 879 4294 vereor
899 4249 939 4292 ne
961 4225 1079 4315 Geloni
1101 4235 1222 4319 potine
1240 4230 1329 4324 ‚quen

148 4338 486 4433 libroriineglegentio
500 4339 658 4424 quaedem
672 4341 734 4411 hoo
752 4340 823 4434 loeo
838 4339 1134 4429 agnoscendesit..¹
1151 4334 1329 4440 ¹rumpuat
