2956 4942
626 346 838 410 ..18-

143 547 312 627 provisori
334 541 399 608 καὶ
421 547 554 630 ψυχῆς
575 541 646 630 τήν
667 539 791 639 ἀρχὴν
814 539 854 625 C)
871 539 904 606 ίν
922 539 1084 632 ἐγκεφάλῳ
1109 546 1325 631 περιέχεσθυα

144 663 199 744 τῆς
220 655 253 721 δὲ
276 654 464 738 θυμοειδοῦς
486 653 517 719 ἒν
538 656 658 742 καρδίᾳ,
682 663 738 742 τῆς
759 653 788 720 δ’
803 653 1031 744 ἐπιθυμητικῆς
1053 654 1086 722 ἒν
1106 652 1223 744 ἥπατι.

228 766 418 847 Huicloco
451 767 648 833 emendando
680 771 736 850 qui
770 789 901 853 operam
932 767 1107 850 dederunt,
1138 774 1233 834 recte
1262 768 1322 832 sine

145 875 242 953 dubio
272 877 408 963 profecti
438 885 512 943 sunt
539 901 559 943 a
588 879 705 944 codicis
735 880 772 943 M
800 880 968 962 memoria3
998 880 1031 944 in
1054 879 1083 947 0
1106 880 1195 945 enim
1225 879 1319 944 multo

145 981 290 1053 miserius
317 991 402 1056 bunc
429 992 535 1057 locum
565 990 740 1055 laceratum
766 1013 832 1057 osse
860 991 954 1057 facile
975 990 1187 1075 intellegitur.
1223 1013 1319 1074 neque

145 1094 219 1164 soro
247 1123 330 1183 quae
358 1104 389 1167 in
420 1102 452 1166 A
482 1103 632 1184 leguntur
655 1097 749 1187 (ὑπὲρ
781 1110 850 1168 τοῦ
881 1103 936 1191 τήν
964 1109 1021 1169 τοῦ
1053 1098 1243 1190 ἡγεμονικοῦ
1269 1109 1319 1189 τῆς

146 1196 264 1298 ψυχῆς
280 1209 381 1299 ἅρχὴν
394 1260 400 1274 .
415 1260 422 1274 .
437 1217 457 1292 .)
487 1234 562 1277 vera
591 1234 659 1278 esse
681 1220 825 1296 possunt,
853 1215 879 1278 si
908 1215 1030 1279 intacta
1052 1213 1264 1298 relinquimus
1282 1236 1316 1280 ea

145 1344 228 1405 quae
251 1330 430 1407 sequuntur
458 1330 513 1410 τῆς
541 1323 574 1388 δὲ
602 1324 792 1406 θυμοειδοῦς
809 1323 842 1388 ἐν
864 1324 984 1410 καρδίᾳ,
1006 1330 1062 1411 τῆς
1089 1322 1119 1390 d'
1135 1324 1312 1414 ἐπιθυμητι-

144 1441 200 1520 κῆς
227 1435 259 1498 ἐν
292 1431 407 1521 ἥπατις
439 1435 516 1516 quid
545 1434 627 1499 enim
651 1435 711 1500 sibi
733 1436 842 1501 volunt
864 1435 985 1503 formae
1006 1435 1204 1503 femininae?
1236 1438 1311 1521 quod

146 1567 217 1610 cum
247 1547 446 1631 intellegeret
473 1545 646 1611 Muellerus
678 1552 807 1629 recepta
840 1547 987 1612 editionis
1016 1547 1160 1614 Aldinae
1189 1550 1311 1615 lectione

146 1657 271 1740 scripsit
293 1657 418 1723 rosidi
447 1657 636 1739 θυμοειδοῦς
663 1657 695 1721 ἕν
721 1656 841 1743 καρδίᾳ,
872 1660 944 1724 τοῦ
972 1655 1002 1724 δ’
1016 1657 1311 1748 ἒπιθυμητικοῦέν

145 1763 259 1855 ἥπατα
291 1791 374 1852 quae
402 1770 537 1834 mutatio
566 1791 662 1851 quam
692 1770 796 1835 aliena
825 1777 908 1836 esset
937 1794 958 1837 a
985 1772 1219 1855 probabilitate
1240 1777 1311 1838 recte

146 1881 338 1964 perspiciens
360 1880 552 1945 Petersenns
583 1886 625 1964 (p.
646 1885 699 1960 38)
729 1885 895 1966 proposuit
924 1889 961 1948 ut
990 1884 1188 1950 scriberetur
1214 1891 1267 1972 τῆς
1284 1883 1312 1948 δὲ

145 1992 332 2077 θυμοειδοῦς
351 1990 563 2074 <δυνάμεως>.
604 1999 638 2056 at-
666 1992 744 2057 mihi
776 1995 893 2059 rectius
927 2015 996 2060 esse
1028 1993 1158 2060 videtur
1193 1998 1222 2062 ei
1252 1997 1312 2062 looo

145 2104 336 2169 medicinam
368 2105 520 2169 adhibere
553 2125 649 2186 quem
678 2125 812 2188 aegrum
841 2127 910 2172 esse
940 2106 1154 2190 intellexeris3
1190 2113 1313 2194 apparet

146 2222 252 2281 autem
279 2217 312 2280 in
342 2217 443 2300 primo
474 2216 625 2281 orationis
654 2215 787 2299 triplicis
817 2219 959 2285 membro
991 2218 1167 2285 cumulatis
1199 2219 1313 2285 articuli

145 2326 255 2392 formis
276 2328 427 2394 mendum
450 2333 557 2392 ortum
579 2349 657 2394 esse.
669 2329 693 2412 ¹)
731 2335 830 2412 atque
852 2331 898 2395 ita
918 2329 1048 2413 quidem
1068 2328 1223 2397 facillime
1240 2332 1314 2396 hunc

216 2545 238 2612 ¹)
257 2542 383 2597 conferas
401 2541 484 2595 velim
502 2541 574 2596 hanc
592 2541 721 2596 codicum
740 2542 966 2613 discrepantiam,
984 2560 1056 2613 quae
1074 2547 1120 2600 est
1134 2545 1166 2600 in
1179 2545 1253 2601 libro
1264 2549 1315 2614 περὶ

146 2631 276 2697 αἱρέσεσιν
293 2629 308 2683 Ι
326 2630 360 2683 75
378 2630 501 2697 (260,ο);
1208 2620 1211 2624 .

383 2715 441 2766 τῶν
459 2711 538 2766 δὲτὰ
555 2717 607 2782 μὲν
624 2717 737 2767 τοιαῦτα
755 2716 816 2771 cod.
833 2715 1008 2786 Mosquenulfl
1025 2718 1079 2772 283

383 2801 440 2852 τῶν
457 2798 491 2852 τὰ
508 2803 560 2866 μὲν
577 2802 689 2853 τοιαῦτα
776 2843 789 2870 „
832 2801 920 2858 Marc.
938 2820 1001 2873 app.
1019 2803 1057 2870 V,
1075 2807 1094 2858 9

382 2888 439 2938 τῶν
457 2883 485 2938 δὲ
501 2885 536 2939 τὰ
553 2888 666 2939 τοιαῦτα
779 2930 792 2957 „
834 2888 1039 2943 Laurentianus

381 2972 416 3026 τὰ
434 2970 463 3024 δὲ
480 2974 537 3025 τῶν
554 2977 606 3040 μὲν
623 2976 737 3027 τοιαῦτα
776 3015 789 3043 „
832 2974 919 3030 Marc.
936 2976 996 3041 282,

146 3058 193 3114 ubi
212 3059 319 3114 collatis
337 3060 376 3114 eis
395 3076 466 3129 quae
484 3062 652 3116 antecedunt
669 3060 715 3130 (τὰ
733 3063 832 3127 μὲν...
856 3061 903 3113 ὑπ’
920 3057 1112 3125 Ἀσκληπιάδου
1130 3062 1205 3121 κατὰ
1221 3066 1268 3130 τῆς
1284 3065 1318 3130 ἐμ-

145 3150 248 3214 πειρίας
266 3147 445 3214 εἰρημένα...
464 3144 498 3197 τὰ
517 3142 539 3196 δ’
551 3146 597 3198 ὑπ’
614 3145 837 3218 Ἐρασιστράτου)
856 3166 919 3203 cum
932 3146 1129 3202 Helmreiohio
1149 3151 1319 3206 scribendum

147 3248 207 3285 esse
222 3231 333 3286 videtur
350 3229 390 3283 τὰ
404 3227 434 3282 δ’Ι
453 3232 524 3300 (scil.
543 3234 684 3302 εἰρημένα)
704 3231 769 3284 ὑπὸ
788 3232 911 3287 saiand
935 3235 1184 3300 μὲνποταῦτα
1210 3255 1317 3308 avygn-

147 3315 307 3385 ροίντιυν
325 3321 376 3373 eto.
395 3348 429 3358 -
447 3318 576 3372 similiter
594 3336 639 3373 res
656 3337 685 3374 se
703 3317 790 3373 habet
807 3319 856 3373 III
874 3320 1094 3391 308(23,18ss.)‚
1120 3321 1175 3377 ubi
1200 3323 1321 3380 etiamid·

146 3404 295 3457 novissima
313 3403 436 3457 editione
454 3404 587 3473 scriptum
606 3405 725 3474 legimus
742 3402 775 3456 τὸ
794 3401 815 3455 δ’
831 3401 889 3455 ἅνω
906 3410 950 3456 καὶ
967 3404 1041 3456 κάτω
1058 3408 1149 3476 πέρας
1169 3409 1258 3463 αὐτοῦ
1273 3408 1321 3480 (τοῦ

146 3484 333 3557 περιτοναίου)
350 3488 382 3539 τὸ
402 3491 453 3555 μὲν
473 3486 532 3541 simo
549 3503 608 3543 ταῖς
626 3495 721 3560 φρεσὶν
741 3490 907 3561 ὑποφύεται,
930 3487 963 3542 τὸ
982 3486 1010 3541 δὲ
1027 3489 1105 3545 καίτοι
1124 3508 1187 3552 τοῖς
1206 3493 1321 3564 καλουμέ-

146 3559 203 3628 νοις
221 3571 286 3639 ἥβης
304 3571 394 3627 δοτοῖς
411 3573 454 3624 καὶ
471 3578 584 3644 προσέτι
601 3589 659 3630 τοῖς
675 3578 733 3627 τῶν
750 3568 889 3645 λαγόνων(
908 3582 953 3627 καὶ
969 3581 1064 3628 τοίνυν
1082 3583 1131 3630 καὶ
1149 3579 1321 3654 ἀμφιέννυται

145 3664 202 3712 τῶν
219 3655 287 3711 κατὰ
305 3659 390 3711 ταῦτα
412 3663 582 3728 τεταγμένων
606 3659 731 3731 ὀργάνων
754 3659 787 3713 τὸ
810 3665 862 3728 μὲν
886 3659 944 3712 ‹ivo›
967 3664 1050 3728 μέρος
1073 3663 1125 3728 τῆς
1149 3668 1272 3741 γαστρὸς
1288 3670 1322 3722 καί

145 3748 195 3799 τοῦ
212 3743 313 3811 ἥπατος
330 3743 384 3797 ῦπδ
401 3748 451 3798 τοῦ
468 3761 526 3801 ταῖς
544 3753 639 3817 φρεσὶν
656 3749 823 3819 ῦποφῦντος,
848 3749 880 3801 τὸ
899 3746 927 3801 δὲ
944 3750 1018 3812 καίτοι
1034 3751 1083 3815 τῆς·
1100 3772 1135 3804 τε
1154 3756 1274 3814 κύστεως
1288 3758 1321 3808 καὶ

145 3837 202 3884 τῶν
221 3833 338 3899 ἐντέρων
360 3831 425 3884 ὑπὸ
449 3834 510 3885 τοῦ
533 3835 589 3899 τῆς
612 3833 695 3901 ἥβης
713 3836 835 3896 ὀστοῖς
859 3853 930 3905 quae
948 3841 1074 3891 extrema
1090 3841 1189 3897 verba
1207 3861 1245 3899 ex
1262 3842 1320 3900 bodl·

146 3919 223 3972 cibus
235 3919 270 3972 ab
282 3919 472 3974 Helmreichio
484 3925 596 3991 recepta
609 3939 667 3977 esse
680 3940 848 3992 magnopere
860 3923 955 3976 miror.
966 3922 1014 3992 qui
1027 3920 1104 3978 enim
1118 3945 1234 3996 quaeso
1245 3928 1320 4003 ‘pubis

146 4022 207 4058 osse
224 4005 329 4059 vestiri'
347 4010 463 4076 possunt
481 4008 589 4061 vesicae
602 4012 630 4062 et
642 4009 840 4063 intestinorum
859 4012 952 4078 partes
969 4009 1144 4067 inferiores?
1161 4015 1254 4072 immo
1264 4034 1320 4074 con·

146 4091 251 4159 paratis
269 4093 308 4145 eis
325 4109 397 4160 quae
414 4093 586 4162 praecedunt
604 4093 649 4162 (τὸ
666 4091 695 4145 δὲ
713 4094 788 4145 uduo
807 4095 876 4166 [soil.
895 4093 977 4162 πέρας
995 4096 1048 4148 τοῦ
1066 4107 1320 4175 περιτριιαίοψιυ
1350 4126 1352 4135 ·

146 4173 320 4240 καλουμένοις
345 4175 408 4242 ἥβης
433 4177 522 4232 ὀστοῖς
546 4180 645 4249 [intell.
671 4178 844 4251 δποφῦεται])
869 4184 986 4250 apparet
1008 4183 1038 4234 in
1064 4184 1201 4245 editione
1226 4192 1318 4253 Aldiut

146 4280 229 4339 quarn
253 4262 282 4316 in
306 4261 358 4316 hoo
381 4264 452 4318 libro
477 4267 647 4320 recensendo
669 4267 772 4321 codicis
790 4268 878 4320 instar
896 4267 1054 4322 habendam
1073 4287 1141 4330 csse
1160 4278 1227 4348 ipse
1246 4279 1318 4334 Helm·

146 4349 267 4425 felchim
285 4350 324 4418 (p.
344 4349 372 4418 5)
390 4349 494 4412 docuit,
518 4352 671 4405 rectissime
695 4353 750 4422 legi
770 4353 835 4403 dud
852 4354 913 4403 τοῦ
931 4367 1005 4408 τοῖς
1022 4356 1082 4420 τῆς
1102 4357 1199 4436 ἥβης
1219 4365 1318 4419 aaron
