2956 4942
635 345 903 427 -4a-ss.

146 550 306 632 σωμάτων
332 550 412 614 κατα
443 550 627 634 δυσκρασίαν
654 551 715 636 ἔφη
742 556 900 635 γίνεσθαι,
931 554 1047 636 quibus
1071 554 1175 618 verbis
1205 575 1267 619 non
1296 554 1333 619 id.

145 661 351 745 significatur
368 661 454 743 quod
466 662 641 728 Muellerus
653 662 754 728 voluit
769 665 898 729 morbos
914 686 952 729 ex
966 650 1149 747 primorum
1159 687 1330 748 corporum

146 771 337 855 intemperie
353 773 432 854 fieri,
456 774 511 838 sed
527 775 703 856 primorum
717 795 888 857 corporum
906 776 1037 841 morbus
1057 775 1126 841 fieri
1143 776 1330 859 intemperie

149 885 293 966 quadam
314 885 496 949 —scilicet
519 884 698 949 humorum.

643 1188 842 1255 XXXVII.

241 1333 349 1409 701‚13
378 1325 449 1391 ἀλλ’
471 1325 571 1390 ἐκεῖνά
600 1349 636 1408 με
658 1325 786 1390 δυνατὸν
815 1317 852 1412 ἦν
882 1323 969 1410 αὐτῷ
997 1331 1054 1410 (τῷ
1069 1325 1227 1407 Πλάτωνι)
1255 1326 1333 1410 παρ’

150 1439 250 1525 αὐτῆς
283 1446 340 1524 τῆς
371 1444 435 1501 σιῦν
468 1435 664 1521 πραγμάτων
695 1436 819 1520 φύσεως
846 1442 1061 1523 μεμαθηκέναι
1093 1437 1134 1502 τα
1164 1437 1352 1522 λελεγμένα,

148 1551 230 1614 κατὰ
250 1550 323 1627 τούς
343 1547 540 1633 α’φορισμούς
561 1546 593 1611 ἓν
614 1548 688 1631 τῇδε
711 1554 749 1632 τῇ
771 1547 857 1635 ῥήσει
881 1556 939 1614 etc.

259 1660 360 1725 Haud
390 1666 477 1724 recte
507 1681 526 1723 a
548 1658 704 1723 Muellero
733 1666 807 1742 post
826 1665 1044 1746 μεμαθηκέναι
1067 1659 1163 1724 verba
1184 1660 1332 1743 καθάπερ

149 1771 264 1855 γεκαὶ
287 1771 398 1835 addita
421 1791 490 1836 esse
510 1771 673 1851 existim03
694 1771 746 1834 hic
769 1771 852 1834 enim
873 1771 952 1835 mihi
971 1771 1098 1836 videtur
1121 1791 1188 1836 esse
1211 1776 1333 1834 senten·

148 1884 273 1948 tiorum
302 1903 415 1946 nexus:
446 1879 589 1947 Galenus
618 1887 789 1963 postquam
820 1903 858 1946 ex
887 1881 1097 1964 Hippocratis
1127 1881 1218 1946 libris
1245 1881 1333 1946 locos
1423 1927 1429 1935 -

149 1992 326 2058 nonnullos
348 1994 475 2074 attulit,
505 1992 622 2075 quibus
645 1992 684 2056 de
707 1998 862 2074 quattuor
880 1992 1068 2057 humoribus
1098 1999 1130 2057 et
1153 1993 1192 2057 de
1212 1992 1333 2056 morbis

149 2107 211 2186 qui
248 2104 379 2187 singulis
419 2106 493 2168 anni
528 2102 725 2185 temporibus
761 2104 982 2186 praepolleant
1020 2105 1259 2169 accuratissime
1301 2110 1334 2168 et

151 2216 338 2281 doctissime
370 2215 476 2298 agitur
511 2215 776 2298 (698,e-701,e),
814 2213 874 2278 hoc
910 2214 1020 2279 ordine
1055 2215 1101 2278 ait
1134 2215 1265 2280 Platoni
1302 2217 1335 2279 in

151 2326 288 2392 Timaeo
304 2326 345 2390 de
362 2327 412 2390 his
428 2326 523 2390 rebus
535 2325 783 2407 disputationem
799 2325 1030 2390 instituendam
1044 2325 1142 2392 fuisse
1160 2327 1334 2412 (701‚6-9;

152 2436 196 2502 cf.
221 2437 396 2522 689,3-5);
428 2458 623 2518 quamquam
654 2437 872 2502 excusandum
901 2436 1038 2502 fortasse
1059 2437 1110 2502 rel
1141 2439 1239 2521 etiam
1267 2439 1335 2502 lau·

155 2548 301 2613 dandum
324 2569 392 2613 esse
406 2548 587 2628 Platonem,
609 2548 696 2630 quod
712 2548 752 2613 de
772 2549 928 2614 eiusmodi
949 2548 1054 2630 rebus,
1076 2569 1160 2631 quae
1182 2550 1334 2614 maiorem

153 2681 255 2743 quam
288 2660 356 2742 ipse
386 2659 538 2723 habuerit
575 2660 752 2724 medicinae
785 2660 952 2726 scientiam
986 2661 1162 2743 requirant,
1197 2661 1335 2726 noluerit

155 2771 324 2853 disputare
345 2769 545 2856 (701,9-13).
577 2791 681 2853 neque
696 2791 771 2834 vero
787 2768 884 2854 (ἄλλα
905 2770 1027 2856 701,13)
1043 2772 1128 2835 omni
1148 2771 1243 2853 culpa
1263 2792 1335 2835 eum

154 2881 386 2947 absolvendum
409 2902 493 2961 esse3
517 2903 591 2946 nam
616 2881 742 2946 etiamsi
764 2883 977 2946 accuratiores
1001 2882 1075 2946 illae
1099 2882 1335 2947 observationes

156 2994 200 3058 ab
214 3014 251 3057 eo
269 2992 425 3076 postulari
441 2998 612 3075 nequeant,
629 2998 737 3057 tamen
753 2993 809 3056 illa
825 2992 955 3075 quidem
974 2990 1089 3077 (ἐκεῖνά
1104 3015 1140 3077 με
1159 2993 1200 3058 cf.
1216 2994 1334 3078 811,9)

155 3106 225 3169 sine
247 3104 312 3168 ulla
335 3105 511 3169 medicinae
532 3105 667 3169 scientia
688 3126 727 3169 ex
755 3106 825 3186 ipsa
852 3125 959 3169 rerum
981 3110 1097 3169 natura
1118 3105 1237 3170 discere
1261 3126 1335 3170 eum

155 3215 300 3298 potuisse
323 3236 406 3296 quae
427 3215 644 3298 Hippocrates
667 3216 700 3279 in
728 3215 919 3298 aphorismis
949 3216 993 3280 eis
1023 3215 1128 3281 verbis
1149 3218 1336 3282 tractaverit

155 3346 243 3408 quae
268 3329 408 3407 702,2-7
427 3326 618 3407 laudantur3
640 3328 720 3391 haec
739 3328 823 3391 enim
841 3327 883 3391 ab
901 3347 1092 3409 unoquoque
1117 3333 1149 3390 et
1166 3327 1198 3391 in
1217 3327 1286 3410 ipso
1305 3335 1336 3392 et

155 3440 191 3504 in
213 3436 425 3501 familiaribus
448 3439 610 3503 observari
632 3459 724 3521 posse
747 3438 948 3522 (702‚7-1o).
978 3446 1113 3520 apparet
1132 3438 1231 3521 igitur
1252 3438 1336 3503 hanc

155 3548 324 3631 vulgarem
344 3549 596 3614 observationem
611 3549 786 3635 (702μ-7)
802 3549 1032 3633 spinosioribus
1055 3549 1118 3614 illis
1136 3570 1219 3632 quae
1240 3555 1336 3614 antea

155 3664 356 3739 (oss-701)
398 3682 437 3726 ex
469 3661 669 3743 Hippocrate
707 3659 860 3744 laudatae
899 3665 974 3725 sunt
1005 3662 1123 3744 opponi
1152 3660 1336 3741 caduntque

156 3791 244 3854 quae
265 3792 285 3835 a
307 3771 464 3837 Muellero
483 3772 582 3836 verba
601 3771 713 3836 addita
736 3777 821 3835 sunt.

635 4075 854 4143 XXXVIII.

163 4256 166 4261 -
250 4218 357 4297 714,10
378 4217 414 4278 τὸ
435 4215 497 4297 γάρ
519 4213 656 4299 ἔμφυτον
672 4214 792 4296 θερμὸν
806 4211 908 4277 α’ίτισν
929 4207 1009 4277 εἶναι’
1031 4233 1108 4297 φησι
1130 4220 1185 4299 τῆς
1206 4238 1239 4278 τε
1259 4213 1336 4277 κατά

156 4326 217 4412 τήν
244 4332 378 4410 γαστέρα
406 4324 539 4409 πέψεως
566 4331 630 4388 τῶν
654 4330 760 4390 σιτίων
789 4325 841 4388 καὶ
869 4331 925 4410 τῆς
952 4323 1096 4388 ἐντεῦθεν
1126 4323 1171 4401 εἰς
1192 4317 1280 4409 ἧπάρ
1301 4347 1335 4388 τε
