3308 5122
671 410 884 470 ..35-

701 687 862 754 xxvii.
908 777 910 781 ι

278 828 370 896 5273
388 845 430 888 ss.
454 824 611 889 traditum
642 830 692 889 est
719 823 784 888 νονὶ
810 822 839 888 δ’
855 822 972 907 εἰσάγει
1001 829 1060 906 μέν
1085 848 1133 900 τις
1154 823 1233 903 (scil.
1256 795 1372 908 pidet,

193 936 299 1019 ἐξάγει
320 933 349 999 δ’
363 933 495 1018 οὐδεμία
511 936 594 1022 πλήν
615 942 672 1021 τῆς
700 936 747 1013 εἷς
772 936 941 1017 πνεύμονα,
971 937 1044 1019 περὶ
1071 929 1108 1019 ἧς
1136 931 1182 998 άν
1203 932 1257 997 ἐπὶ
1276 931 1373 998 πλέον

193 1044 307 1122 ἐντοῖς
324 1048 398 1130 περὶ
413 1051 520 1132 χρείας
534 1051 653 1131 μορίων
670 1043 1007 1132 ἐπισκεψαίμεθα.
1032 1046 1242 1111 Petersenum
1256 1044 1302 1130 (p.
1313 1043 1372 1129 40)

192 1157 231 1222 de
253 1157 313 1222 hoc
334 1159 405 1223 loco
428 1179 493 1222 non
513 1165 599 1223 recte
620 1158 818 1223 iudicantem
840 1159 905 1221 iarn
927 1156 969 1221 ab
987 1156 1129 1239 Ilbergio
1147 1156 1251 1240 (Bari.
1262 1155 1371 1238 philol.

199 1267 663 1354 Wocheoschrift1889,1263)
694 1275 727 1333 et
747 1268 969 1333 Helmreichio
999 1267 1102 1352 (Neue
1126 1268 1231 1351 philol.
1261 1266 1373 1330 Rund-

192 1380 285 1444 εολαα
307 1381 401 1474 1890,
425 1399 461 1450 36
478 1383 517 1464 a.)
541 1381 618 1445 satis
641 1382 795 1445 revictum
818 1400 885 1444 esse
900 1380 1009 1459 rideo;
1032 1399 1170 1460 quorum
1193 1383 1302 1442 tamen
1320 1378 1373 1441 hic

192 1491 359 1556 Peterseni
388 1492 603 1556 coniecturam
632 1491 789 1556 refutasse
819 1490 898 1555 satis
926 1490 1051 1571 habuit,
1078 1488 1132 1552 ille
1162 1488 1242 1554 falso
1270 1487 1311 1552 ab
1331 1478 1373 1551 αδ

190 1602 355 1685 profectus
383 1603 484 1688 (quod
518 1603 674 1667 traditum
696 1623 776 1667 iesse
806 1602 914 1686 putat)
948 1591 1045 1677 αὖθις
1074 1599 1170 1664 scribi
1201 1599 1305 1679 iussit,
1335 1604 1373 1663 ut

192 1713 358 1777 tolleretur
379 1715 497 1778 hiatus.
531 1713 694 1778 lenissima
710 1733 783 1776 vero
801 1712 1021 1777 emendatione
1039 1712 1123 1776 hunc
1138 1710 1244 1775 locum
1259 1729 1373 1774 sanare

192 1845 360 1906 possumus
393 1845 451 1907 pro
490 1822 745 1907 ἐπισκεψώμεθα
776 1823 936 1907 particula
968 1818 1007 1886 άν
1040 1826 1167 1887 servata
1198 1819 1372 1885 scribentes

193 1933 552 2016 ἐπισκεψαίιιε8α;
582 1955 676 2016 saepe
703 1936 787 1998 enim
815 1960 848 2000 αι
871 1942 902 2000 et
925 1960 950 1997 ω
971 1934 1098 1998 litterae
1128 1933 1213 1996 inter
1234 1954 1268 1996 se
1287 1953 1371 1996 corn·

193 2050 362 2108 mutantur
387 2067 406 2108 a
433 2045 572 2110 librariis
593 2045 649 2131 (cf.
670 2045 817 2110 Muelleri
839 2045 960 2127 proleg.
983 2067 1015 2126 p.
1038 2044 1104 2130 84).
1142 2042 1286 2106 similiter
1307 2042 1373 2110 Ga-

192 2156 281 2218 lenus
304 2155 488 2236 325,15,’διά
510 2154 652 2239 βραχέων
673 2152 702 2220 δ’
717 2151 761 2218 div
783 2156 835 2219 καὶ
857 2162 911 2218 νῦν
931 2153 1011 2218 αάτά
1034 2155 1128 2236 μόνον
1150 2152 1317 2234 ε’ίποιμι
1334 2153 1374 2216 τά

193 2263 354 2348 κεφάλαια
382 2272 445 2328 τιῦν
474 2266 650 2345 μελλόντων
675 2263 985 2351 άποδειχθήσεσθαις
1018 2264 1121 2329 Ι486
1145 2271 1224 2330 extr.
1254 2264 1293 2327 τά
1314 2263 1371 2344 μὲν

193 2371 252 2438 ὑπ’
268 2371 494 2459 Ἀριστοτέλους
514 2403 547 2442 τε
569 2378 622 2442 καὶ
640 2377 841 2461 Θεοφράστου
863 2377 1010 2449 λέλεκται,
1035 2376 1073 2438 τά
1096 2371 1125 2439 δ’
1139 2369 1184 2438 dv
1204 2375 1256 2438 καὶ
1280 2370 1372 2461 ἡμεῖς

192 2484 389 2567 ε’ίποιμεν
420 2488 486 2572 ἰδίᾳ
514 2490 594 2573 πρὸς
622 2487 751 2574 ἑκάστην
778 2494 841 2551 τῶν
869 2485 1017 2569 αἱρέσεων
1047 2484 1260 2566 άντειπόντες;
1288 2485 1372 2548 194

195 2596 324 2680 (275,7)
351 2596 421 2677 ἐμοὶ
451 2595 480 2662 δ’
495 2593 560 2684 ὅπῃ
588 2600 729 2664 δοκοῦσιν
754 2595 894 2684 ἑκάτεροι
924 2597 1123 2683 σφάλλεσθαι
1149 2594 1220 2675 τάχ’
1236 2591 1257 2658 ά
1265 2620 1281 2658 ν
1311 2594 1371 2682 ἤδη

194 2705 437 2792 δηλώσαιμι.

695 2903 875 2970 XXVIII.

148 3068 155 3082 ·
280 3044 372 3119 533‚4
390 3060 430 3102 ss.
453 3037 597 3104 Galenus
619 3047 791 3122 postquam
810 3041 898 3104 ieeur
916 3062 1069 3105 venarum
1091 3040 1284 3122 principium
1303 3058 1371 3103 esse

194 3148 303 3214 multis
332 3149 529 3231 argumentis
560 3151 799 3231 demonstravit,
833 3151 1026 3217 sententiam
1056 3171 1148 3214 suam
1178 3171 1215 3214 eo
1245 3171 1371 3232 quoque

193 3262 334 3324 maxime
355 3260 536 3323 confirmari
558 3261 604 3323 ait
632 3261 718 3340 quod
742 3263 841 3324 etiam
863 3262 909 3325 illi
935 3263 993 3344 qui
1015 3260 1203 3325 dissentiant
1224 3262 1257 3323 in
1279 3281 1372 3325 vena·

193 3394 267 3434 rum
297 3372 459 3435 anatomia
491 3371 678 3453 explicanda
710 3393 818 3436 omnes
851 3372 915 3437 fere
949 3395 969 3436 a
1000 3374 1105 3437 iecore
1133 3371 1269 3454 profecti
1299 3372 1371 3436 sint.

194 3504 298 3565 neque
320 3483 418 3564 igitur
439 3503 547 3546 verum
564 3503 631 3546 esse
650 3489 756 3564 potest
772 3483 858 3564 quod
880 3484 914 3546 in
930 3483 1092 3548 codicibus
1115 3481 1372 3563 editionibusque

193 3595 311 3676 legitur
332 3597 438 3673 533,ll
463 3592 517 3678 τήν
537 3615 573 3675 γε
587 3593 788 3659 διδασκαλίαν
805 3591 913 3676 ὀλίγον
929 3594 995 3659 δεῖν
1009 3590 1148 3670 ἅπαντες
1169 3591 1236 3678 ἐφ’
1250 3587 1372 3679 ἥπατος

193 3703 387 3790 ἐποιήσαντο,
420 3703 474 3767 sed
497 3711 535 3767 ut
556 3705 635 3768 mihi
663 3706 793 3786 quidem
817 3706 943 3769 videtur
965 3706 1178 3769 necessarium
1198 3709 1247 3768 est
1269 3700 1321 3788 ἐφ’
1339 3705 1372 3776 in

191 3813 266 3900 αἰψ’
290 3816 448 3897 corrigere
469 3815 539 3878 coll.
561 3817 717 3900 imprimis
740 3821 831 3898 536,c
856 3815 875 3902 ἡ
898 3816 961 3899 γάρ
982 3813 1047 3878 ὑπὸ
1068 3821 1125 3898 τῆς
1146 3810 1271 3898 φάσεως
1290 3812 1371 3899 άρχὴ

193 3930 422 3990 κατασταθεῖσα
454 3927 506 3988 καὶ
538 3927 607 4012 τήν
639 3927 909 3992 διδασκαλίαν
942 3921 1177 4010 άψ’ἑαντῆς
1207 3922 1371 4007 ἀναγκάζει

194 4035 454 4122 ποιήσασθαι
477 4038 552 4122 (quo
567 4038 637 4101 loco
653 4038 750 4102 verba
768 4036 824 4122 τήν
840 4033 939 4122 άρχήν
954 4035 1035 4100 falso
1056 4056 1076 4098 a
1091 4035 1245 4098 Muellero
1261 4034 1372 4099 addita

195 4171 263 4214 esse
293 4147 467 4211 rectissime
496 4149 620 4211 monuit
649 4168 825 4230 anonymus
855 4147 987 4229 quidam
1016 4146 1049 4209 in
1072 4145 1225 4210 Zarnckii
1248 4145 1371 4229 ephem.

194 4261 291 4324 litter.
326 4262 466 4341 isram)
500 4265 532 4322 et
563 4264 671 4340 536‚11
706 4255 849 4343 (ἀνάγκη)
880 4255 951 4320 ἄπ’
971 4255 1084 4321 ἐκείνου
1116 4254 1372 4341 ποιήσασθαι

193 4371 264 4457 τήν
286 4370 358 4456 ἑξῆς
374 4365 499 4433 ἅπασαν
521 4368 718 4453 διήγησιν.

1186 4469 1219 4519 3*
