2956 4942
712 335 926 395 ..42-

233 533 339 609 nnus
359 525 418 592 doc
434 535 489 593 τοῦ
506 529 620 592 λοιποῦ
636 548 715 592 τισιν
727 526 836 602 ἔδωκα,
854 527 939 609 πρδς
954 528 1058 614 κοινήν
1074 528 1193 594 ἐ’κδοσιν
1206 525 1408 612 ἀποβλέπων,

231 637 288 704 οὐκ
310 637 391 704 ίδίαν
413 638 477 719 ἕξιν
497 638 620 703 ἐκείνων
641 638 746 720 μόνων
768 644 831 702 ταῖν
851 639 1060 722 λαβόντων
1081 635 1182 717 οὕτως
1203 645 1367 726 συνέθηκα.

733 944 909 1012 XXXVI.

185 1103 189 1110 ·
317 1088 425 1163 667‚1n
455 1078 505 1146 δτι
533 1082 591 1162 μὲν
614 1072 669 1145 οὖν
698 1077 718 1167 λη’
747 1106 780 1146 τε
801 1084 967 1162 πλεονεξία
987 1084 1040 1147 ναὶ
1063 1082 1082 1170 ἦ
1105 1083 1208 1148 ἔνδεια
1229 1083 1404 1170 διαφθείρει

231 1193 286 1280 τήν
305 1191 475 1275 εὐκρασίαν,
499 1192 530 1256 ἐν
552 1185 653 1275 ᾗτιῦν
675 1191 810 1276 πρώτων
832 1193 985 1274 σωμάτων
1004 1191 1023 1281 ἡ
1042 1189 1154 1276 ὑγίεια,
1178 1193 1346 1280 πρόδηλον.

318 1309 409 1386 683,3
427 1305 501 1389 περὶ
526 1303 584 1384 μὲν
606 1301 643 1389 δη
674 1310 729 1389 τῆς
746 1302 780 1367 ἐκ
800 1308 962 1383 στοιχείων
983 1310 1132 1388 γενέσεως
1151 1299 1276 1388 ὑγιείας
1305 1330 1339 1370 τε
1361 1307 1408 1370 καὶ

231 1411 320 1480 νόσον
342 1421 405 1478 κων
427 1413 626 1496 ὁμοιομερῶν
646 1414 698 1477 καὶ
718 1414 855 1496 πρώτων
877 1413 1029 1496 σωμάτων
1052 1413 1141 1478 ἱκανοὶ
1162 1416 1216 1478 καὶ
1235 1423 1344 1482 ταῦτα.

316 1525 491 1590 Muellerus
526 1526 631 1608 priore
664 1525 733 1590 loco
763 1532 887 1591 mutato
924 1526 1095 1591 verbomm
1133 1527 1247 1591 ordine
1284 1527 1411 1593 foedum

230 1637 360 1703 induxit
373 1637 498 1700 hiatum
515 1637 657 1721 (scripsit
677 1637 761 1700 enim
777 1635 832 1720 την
843 1633 1008 1720 εδκρασίαν
1023 1644 1087 1700 των
1101 1638 1240 1721 πρώτων
1250 1639 1412 1719 σωμάτων,

231 1866 404 1943 utrumque
437 1859 541 1923 locum
567 1858 726 1940 integrum
753 1878 821 1923 esse
842 1859 1001 1942 planeque
1030 1880 1103 1923 oum
1125 1857 1244 1926 Galeni
1267 1861 1417 1928 doctrina

216 1971 408 2035 convenire.
442 1977 577 2054 apparet
593 1970 676 2033 enim
697 1990 736 2033 ex
757 1970 856 2052 ipsius
872 1969 991 2037 Galeni
1003 1970 1108 2034 verbis
1133 1972 1417 2055 (675,10-677,s;

231 2082 270 2147 cl.
293 2081 468 2167 684,9-13)
491 2080 597 2163 prima
619 2101 753 2164 corpora
776 2082 901 2165 (πρῶτοι
922 2081 1067 2166 σώματα)
1089 2081 1139 2146 vel
1160 2084 1284 2165 primas
1306 2093 1418 2167 partes

232 2193 362 2278 (πρῶτα
381 2191 495 2275 μόρια)
521 2194 553 2256 in
583 2198 654 2256 tota
683 2192 744 2256 hac
766 2192 961 2274 expositione
983 2192 1140 2276 appellari
1171 2214 1235 2258 non
1259 2196 1419 2262 elementa

231 2303 330 2389 (quae
358 2314 496 2383 στοιχεῖα
523 2303 628 2387 potius
657 2309 811 2368 vocantur
839 2309 947 2387 663,1;
984 2309 1109 2387 66⁹‚133
1144 2309 1255 2386 670,1;
1289 2312 1418 2391 673,17;

233 2417 341 2496 674,ι;
364 2418 473 2496 679,1;
497 2418 588 2496 684,7
606 2413 691 2498 etc),
711 2415 766 2479 sed
785 2436 868 2497 quae
888 2437 927 2480 ex
941 2421 1095 2497 quattuor
1116 2417 1285 2483 elementis
1308 2421 1363 2485 vel
1384 2429 1420 2497 ut

232 2525 413 2596 accuratius
436 2526 539 2590 dicam
560 2525 615 2610 (cf.
638 2526 881 2611 679‚5-680,7)
903 2526 1090 2592 humoribus
1112 2527 1261 2593 oriuntur
1281 2552 1420 2615 corpora

232 2636 391 2701 similibus
408 2638 491 2702 inter
507 2659 541 2702 se
562 2637 708 2720 partibus
728 2638 909 2702 constantia
926 2637 1070 2720 (σώμαια
1088 2633 1285 2725 ὁμοιομερῆ),
1307 2642 1421 2724 qualia

232 2753 309 2812 sunt
336 2747 490 2831 cartilago
521 2770 556 2813 os
586 2748 727 2813 medulla
757 2769 832 2813 caro
854 2770 969 2814 nervus
994 2748 1181 2815 membrana
1202 2750 1421 2832 ligamentum

232 2859 312 2938 alia3
351 2879 390 2922 ex
417 2860 535 2941 quibus
564 2865 799 2942 componuntur
828 2880 910 2942 quae
939 2861 1134 2943 compositae
1163 2861 1213 2925 vel
1243 2865 1421 2944 organicae

232 2977 388 3035 vocantur
409 2972 552 3053 corporis
573 2978 695 3052 partes:
728 2971 822 3054 digiti
843 2992 957 3036 manus
980 2972 1109 3037 cubitus
1129 2971 1333 3056 bracchium,
1363 2996 1419 3058 pes

232 3082 313 3147 tibia
336 3082 457 3163 femur,
481 3082 592 3146 oculus
613 3082 739 3166 lingua,
767 3084 890 3148 viscera
912 3089 1024 3147 venter
1047 3083 1199 3149 intestina
1228 3083 1286 3170 (cf.
1309 3085 1331 3150 I
1354 3089 1419 3150 479

232 3191 366 3281 [4e‚21];
388 3192 459 3261 XV
477 3198 494 3256 7
516 3197 565 3273 a).
598 3194 769 3258 humorum
792 3195 890 3276 igitur
911 3194 946 3257 in
969 3194 1199 3276 aequabilitate
1216 3199 1421 3284 (συμμετρίᾳ)

234 3304 284 3368 vel
325 3304 411 3385 quod
451 3304 536 3369 idem
574 3310 622 3370 est
659 3308 813 3387 temperie
854 3305 983 3388 aequali
1016 3302 1192 3391 (εὐκρασίᾳ)
1224 3309 1336 3389 posita
1370 3314 1420 3373 eet

233 3416 411 3497 primorum
439 3436 608 3500 corporum
636 3417 773 3498 sanitas,
809 3417 1059 3500 compositarum
1086 3436 1161 3480 vero
1193 3418 1343 3499 partium
1369 3419 1420 3484 vel

234 3525 456 3608 organicarum
468 3527 501 3591 in
512 3548 681 3610 corporum
689 3529 864 3610 primorum
875 3547 1007 3591 numero
1015 3526 1209 3609 quantitate,
1220 3527 1419 3595 formatione

234 3638 400 3722 positione.
444 3638 527 3703 hanc
553 3636 766 3703 differentiam
787 3640 819 3702 in
842 3638 892 3702 his
912 3637 1003 3703 libris
1029 3637 1168 3703 breviter
1185 3638 1418 3706 adumbratam

234 3748 425 3835 (littra-12)
462 3747 606 3815 Galenus
644 3750 826 3815 accuratius
862 3753 1009 3834 exposuit
1050 3770 1087 3814 eo
1119 3748 1200 3814 libro
1240 3751 1302 3832 qui
1344 3753 1419 3838 περὶ

234 3862 391 3947 διαφορᾶς
426 3861 607 3947 νοσημάτων
646 3861 829 3926 inscribitur
869 3860 938 3948 (VI
974 3861 1174 3947 836-880);
1217 3881 1322 3943 quam
1362 3863 1419 3946 qui

233 3973 441 4055 reputaverit,
469 3972 564 4037 facile
586 3972 646 4038 sibi
668 3971 875 4056 persuadebit
898 3993 952 4037 eos
974 3973 1060 4037 locos
1082 3993 1163 4055 qnos
1185 3975 1417 4056 proposuimus

233 4084 408 4149 rectissime
434 4084 570 4148 traditos
598 4083 758 4166 planeque
788 4103 1037 4166 supervacaneas
1065 4103 1134 4147 esse
1161 4081 1315 4148 Muelleri
1346 4107 1418 4151 oon·

235 4195 386 4259 iecturas.
436 4201 602 4275 praeterea
634 4197 700 4260 iam
732 4199 869 4280 apparet
903 4193 1062 4275 quomodo
1096 4192 1319 4276 intellegenda
1353 4198 1418 4263 sint

236 4325 321 4388 qnae
356 4307 446 4384 675,9
473 4305 626 4389 leguntur
656 4304 889 4392 (Ἱπποκράτης)
919 4303 958 4367 τά
992 4305 1151 4390 νοσήματα
1183 4306 1250 4369 τῶν
1277 4307 1427 4392 προίτων-
