2956 4942
968 559 1043 614 ἔστιν
1060 555 1136 626 αι’πφ
1157 555 1191 613 τὸ
1211 553 1324 629 γρᾶμμα

888 699 895 705 .
951 649 1023 703 τῶν
1056 668 1088 702 τε
1122 652 1238 719 aptorum
1276 645 1327 717 (ef.

964 737 1131 792 Petersenus
1150 755 1178 806 p.
1195 734 1261 804 25⁴)
1286 731 1324 792 ἐξ·

964 825 1095 874 ἕσσασθαι
1134 819 1241 890 λέγοντι
1279 823 1324 871 καὶ

963 910 1021 961 τῶν
1066 904 1323 976 προδιαλελυγισμέ-

963 1015 1020 1045 νων
1046 991 1090 1046 διὰ
1112 993 1164 1046 τὸν
1188 991 1284 1058 θυμὸν
1306 987 1324 1056 ἢ

962 1079 1016 1146 τὴν
1045 1081 1198 1147 ἐπιθυμίαν
1227 1073 1243 1142 ἢ
1272 1076 1325 1143 τὴν

964 1163 1065 1231 ἡδονὴν
1080 1162 1099 1232 ἧ
1115 1187 1140 1218 τι
1154 1169 1325 1220 τοιοῦτον...

963 1254 1009 1301 καὶ
1033 1250 1082 1302 οὐκ
1100 1253 1130 1302 ἐν
1153 1252 1242 1314 ἐαυτῷ
1263 1245 1325 1300 οὐδὲ

963 1338 1030 1406 παρ’
1054 1337 1171 1406 ἑαυτῷι)
1199 1334 1326 1389 εἶναι...

964 1420 1111 1490 ἀλογίστως
1136 1442 1167 1474 τε
1190 1423 1325 1492 φέρεσθαι

963 1508 1113 1560 καὶπάνθ’
1131 1506 1182 1559 ὅσα
1200 1508 1327 1561 τοιαῦτα.

231 1605 325 1670 Haec
358 1604 415 1686 qui
450 1601 631 1685 contulerit,
664 1601 758 1668 facile
789 1601 851 1668 sibi
882 1604 1090 1686 persuadebit
1116 1625 1191 1670 eum
1219 1602 1326 1669 laeum

145 1740 242 1801 quem
264 1717 402 1801 primum
430 1715 594 1798 posuimus
621 1735 684 1779 nen
711 1719 796 1780 recte
816 1718 993 1780 tractatum
1017 1736 1087 1789 esse
1114 1738 1135 1781 a
1154 1715 1325 1783 Charterio

145 1829 299 1894 Kuehnio
320 1826 487 1903 MuellerO,
519 1848 593 1891 cum
615 1825 695 1892 haec
717 1825 815 1892 verba
836 1824 1009 1911 Chrysippi
1037 1848 1105 1892 esse
1126 1828 1192 1892 rati
1213 1833 1271 1892 τοῦ
1291 1827 1325 1890 in

145 1946 193 2025 τῷ
206 1945 378 2005 mutarent.
402 1939 480 2004 mihi
492 1937 621 2020 quidem
632 1958 789 2021 apparere
800 1939 927 2003 ridetur
938 1938 1035 2004 verba
1049 1938 1106 2004 illa
1118 1960 1187 2004 esse
1199 1938 1325 2020 Galeni‚

147 2053 203 2134 qui
235 2057 407 2134 postquam
443 2057 511 2116 tres
542 2049 630 2114 locos
658 2047 873 2134 Chrysippeos
906 2055 1088 2132 (383,8-10.
1107 2068 1217 2123 10-13.
1237 2069 1270 2121 14
1287 2056 1326 2130 s.)

146 2162 268 2244 attulit,
298 2165 485 2247 priusquam
514 2162 558 2228 ad
586 2161 685 2227 alium
706 2167 850 2227 transeat
876 2161 1027 2243 (formula
1048 2161 1196 2248 καθάπερ
1214 2163 1267 2228 καὶ
1287 2161 1326 2227 ταὶ

147 2270 249 2350 οὕτως
269 2273 380 2353 ἔχοντα
402 2278 493 2357 ema
517 2273 558 2338 ef.
582 2276 692 2356 385,5;
722 2278 848 2354 386,13;
879 2279 1004 2358 266,10;
1035 2279 1217 2358 267,15)ex
1238 2295 1326 2338 mere

148 2408 207 2450 sue
228 2391 332 2468 (384,9
350 2409 410 2467 ss.;
433 2391 525 2468 385,4
543 2407 567 2451 s
591 2388 704 2466 13—15)
727 2385 868 2469 legentes
892 2394 999 2454 mouet
1020 2388 1124 2453 tribus
1148 2386 1211 2451 illis
1229 2407 1326 2450 enun-

147 2499 238 2563 tiatis
260 2499 475 2583 Chrysippum
497 2498 564 2563 suis
583 2498 689 2582 ipsum
711 2498 877 2564 sententiis
896 2499 1073 2582 pugnantia
1095 2499 1201 2565 dicere
1223 2497 1271 2580 (τό
1293 2519 1327 2560 τε

147 2611 210 2695 γαρ
237 2615 334 2695 θυμῷ
362 2615 516 2703 φέρτσθαι
538 2642 580 2665 =
603 2615 727 2692 383,10;
761 2610 814 2674 καὶ
842 2609 1031 2698 ἒξεσιηκίναι
1052 2643 1094 2664 =
1117 2613 1242 2692 383,11;
1276 2632 1327 2672 καί

148 2722 186 2786 σύ
205 2720 282 2806 παρ’
297 2721 418 2801 ἑαυτοῖς
437 2719 504 2788 οὐδ’
518 2722 550 2786 ἐν
572 2721 692 2799 ἑαυτοῖς
712 2716 1065 2804 etvar=383,1a-14).
1087 2722 1174 2804 (lUOd
1195 2721 1222 2785 Si
1243 2726 1328 2786 recle

149 2835 380 2918 perspeximus,
403 2841 538 2918 apparet
554 2841 628 2920 post
649 2832 797 2918 καθάπερ
818 2834 871 2898 καὶ
892 2835 931 2899 τά
951 2832 1180 2914 altamripam
1202 2835 1327 2916 (384,3)

150 2946 230 3011 nihil
262 2947 416 3011 excidisse
443 2985 486 2996 -
513 2947 546 3012 id
571 2945 659 3029 quod
685 2944 858 3010 Muellerus
884 2951 1024 3012 statuere
1054 2952 1184 3011 coactus
1213 2950 1261 3009 est
1285 2981 1328 2992 —

150 3059 207 3124 sed
229 3059 315 3122 hune
336 3058 465 3140 quidem
486 3058 593 3123 locum
614 3058 776 3140 integrum
798 3078 875 3139 esse,
902 3059 1052 3124 mendum
1075 3078 1151 3122 nere
1172 3055 1273 3120 latere
1294 3056 1328 3119 iu

151 3170 256 3236 verbis
277 3180 427 3255 μαρτυρεῖ
447 3176 511 3245 τσῦ,
534 3190 617 3252 quae
640 3168 718 3232 mihi
733 3169 933 3235 emendanda
953 3191 1022 3236 esse
1041 3170 1193 3247 ridentur
1208 3168 1273 3232 sive
1294 3167 1328 3231 in

151 3292 460 3366 καταμαρτυρεῖ
480 3287 550 3346 τσῦ
566 3281 652 3368 (coll.
672 3284 797 3363 280‚1s;
821 3281 945 3366 respa)
959 3281 1025 3347 sive
1038 3281 1072 3346 iu
1085 3291 1236 3366 μαρτυρεῖ
1251 3281 1331 3365 (τῷ

152 3392 347 3479 ἐναντίῳ)
365 3400 422 3488 τοῦ
439 3394 506 3485 sive
526 3393 589 3460 alio
612 3394 706 3481 medo
729 3415 792 3476 que
814 3394 901 3460 idem
922 3406 1033 3459 sensus
1051 3392 1225 3474 efficiatum
1248 3393 1329 3457 satis

152 3505 236 3571 euim
258 3505 361 3571 habeo
383 3527 510 3571 sensum
532 3527 628 3589 quem
649 3507 778 3590 requiro
798 3505 964 3571 indicasse.
1003 3527 1099 3588 quem
1121 3505 1148 3570 si
1175 3511 1329 3571 rectene

152 3618 313 3702 superari,
336 3617 365 3683 ei
386 3638 513 3701 quoque
534 3616 604 3683 loco
630 3617 788 3684 medelam
808 3615 905 3682 affere
927 3638 1020 3702 pesse
1043 3617 1121 3681 mihi
1143 3614 1253 3689 videor
1273 3613 1330 3697 qui

152 3731 251 3815 paulo
274 3734 346 3812 pest
367 3729 484 3813 legitur
507 3733 617 3813 384,14
635 3725 730 3812 ὅμοια
750 3730 811 3816 (sie
830 3728 880 3814 Η)
902 3728 937 3793 δὲ
959 3739 1024 3806 τοῖς
1044 3732 1331 3813 προγεγραμμένοις

144 3843 207 3935 Ιναὶ
234 3841 273 3906 τά
304 3836 404 3919 οὕτως
430 3837 495 3906 ὑπὸ
521 3849 576 3906 τοῦ
599 3845 790 3927 Χρυσίππου
818 3841 981 3925 λεγόμενα,
1010 3839 1158 3925 καθάπερ
1186 3837 1252 3918 ἔχει
1277 3839 1331 3903 καὶ

153 3954 239 4019 τάδε.
262 3975 359 4038 quem
378 3954 486 4020 locum
505 3976 609 4037 neque
631 3975 651 4018 a
671 3953 826 4020 Muellero
845 3975 949 4036 neque
971 3975 991 4018 a
1013 3953 1186 4018 Peterseno
1207 3952 1253 4034 (p.
1274 3954 1331 4035 57)

155 4123 313 4197 Ιαγόμενσν,
336 4123 408 4178 οὕτω
423 4123 477 4197 γὰρ
495 4127 615 4196 ἔγραψεν
638 4123 730 4179 airola
753 4121 896 4191 ὀνόμασιν,
921 4122 1079 4182 ἐξίστασθαι
1102 4120 1125 4174 ὁ*
1144 4121 1192 4175 οὐκ
1215 4119 1331 4192 ὀλιγάκις

156 4215 186 4264 ἐκ
202 4215 261 4265 τῶν
279 4211 371 4264 αὐτῶν
388 4211 495 4264 τούτων
512 4217 626 4281 κρίσεων
645 4212 675 4262 ἐν
692 4224 749 4266 τοῖς
767 4215 949 4278 συμπίπτουσι
972 4214 1017 4260 καὶ
1039 4207 1077 4276 μὴ
1100 4223 1210 4279 κρατεῖν
1234 4211 1331 4262 ἑαυτοῦ

155 4299 311 4365 νικώμενον
329 4301 402 4367 (-νσυ
420 4298 458 4364 Η,
477 4315 547 4354 001'1'.
563 4298 726 4366 Muellerus)
743 4295 797 4349 ὑπὸ
813 4298 871 4349 τῶν
888 4298 1001 4356 παθῶν,
1019 4297 1068 4351 ubi
1086 4296 1232 4351 miraberis
1244 4295 1332 4352 Muel-

155 4388 247 4441 lerum
265 4387 382 4441 vertisse
400 4384 498 4456 ‘apud
516 4402 590 4439 enm
609 4384 809 4441 disserentem’·
