2956 4942
235 715 339 784 Mirae
359 715 406 784 illi
428 714 600 804 Chrysippi
627 718 867 784 ratiocinationi
887 742 970 804 quae
993 722 1084 805 1725
1102 740 1143 785 ss.
1167 722 1272 784 exstat
1291 722 1325 784 et

145 816 214 897 alia
235 834 267 896 et
294 830 374 899 haec
392 830 536 901 Galenus
559 834 707 916 opponit:
738 833 985 918 primumquod
1007 833 1047 898 de
1072 832 1164 899 nobis
1191 832 1253 916 ipsi
1281 831 1325 895 lo-

147 948 282 1026 quentes
308 964 403 1027 saepe
430 948 543 1027 pectus
572 945 673 1027 digito
701 951 922 1029 monstremus,
952 967 992 1011 ex
1020 966 1058 1011 eo
1084 945 1213 1011 minime
1242 943 1325 1010 effici

148 1055 259 1121 sedem
277 1055 377 1121 animi
399 1077 467 1123 esse
487 1056 520 1121 in
543 1062 687 1140 pectoro;
719 1079 795 1123 nam
815 1080 928 1124 nasum
948 1059 1053 1141 ipsum
1081 1079 1209 1143 quoquo
1231 1079 1327 1141 saepe

148 1168 264 1251 attingi
271 1167 313 1233 ab
323 1167 505 1234 hominibus
516 1168 557 1234 de
569 1190 603 1234 se
612 1169 690 1252 ipsis
698 1169 904 1253 loquentibus
916 1174 1122 1252 (173‚10-13;
1136 1174 1326 1253 175,s-1a);

148 1280 265 1347 deinde
288 1280 374 1364 quod
403 1279 435 1344 in
461 1280 697 1346 assensionibus
724 1281 830 1365 capite
851 1287 1027 1346 annuentes
1051 1283 1122 1365 ipsa
1145 1281 1258 1365 capitis
1281 1280 1327 1344 in-

147 1392 320 1459 clinatione
343 1396 454 1477 pactus
482 1399 706 1474 monstremus,
734 1394 796 1458 hac
817 1415 851 1458 rc
873 1394 905 1457 in
930 1414 968 1458 ea
993 1399 1085 1476 parte
1108 1394 1140 1458 in
1163 1414 1260 1476 quarn
1282 1393 1328 1455 in-

146 1504 282 1571 clinatio
303 1504 359 1568 illa
377 1503 435 1569 fiat
453 1504 551 1569 animi
573 1506 791 1590 principatum
811 1527 880 1571 esse
902 1526 964 1570 non
987 1505 1090 1587 magis
1113 1503 1328 1570 demonstrari

147 1636 249 1699 quarn
276 1615 308 1678 in
330 1636 369 1680 ea
394 1615 464 1699 ipsa
484 1639 566 1700 quae
587 1618 766 1702 inclinetur,
793 1618 828 1682 id
851 1623 900 1683 est
920 1620 953 1683 in
984 1620 1328 1703 capito(175,12-15).

147 1734 238 1792 recte
260 1728 359 1811 igitur
382 1733 471 1811 183,ε
489 1751 529 1795 εε.
559 1731 617 1795 ubi
645 1731 725 1796 haec
753 1738 943 1814 argumenta
965 1732 1092 1814 repetit,
1115 1727 1136 1816 ἡ
1157 1729 1215 1811 μὲν
1233 1728 1330 1808 δεῖξις

148 1840 257 1923 inquit
295 1836 383 1905 οὐδὲν
414 1842 537 1922 μᾶλλον
567 1840 600 1907 ἒν
630 1848 668 1927 τῇ
701 1844 813 1929 καρδίρν
850 1839 870 1929 ἡ
900 1840 932 1906 ἐν
964 1850 1002 1928 τῇ
1039 1844 1100 1927 ῥινί
1132 1866 1165 1906 τε
1200 1838 1250 1904 καὶ
1284 1843 1329 1925 τῷ

147 1950 292 2038 μετώπῳ
314 1951 380 2039 (καὶ
401 1952 464 2038 γυλρ
483 1954 535 2018 καὶ
556 1962 654 2021 ταῦτα
676 1955 828 2020 δείκνυται
851 1954 1005 2032 πολλάκις
1024 1953 1089 2018 ὑπὸ
1114 1959 1178 2018 τών
1200 1949 1327 2036 οἷνδρώ-

106 2142 109 2147 Ι
149 2061 237 2148 πων)
258 2060 405 2149 ἐμφαίνει
424 2066 459 2129 τδ
481 2063 652 2153 ἡγεμονοῦν
673 2061 765 2147 claua
791 2073 825 2131 at
845 2067 1005 2149 quomodo
1020 2067 1124 2131 dicere
1144 2068 1272 2150 poterat
1293 2085 1331 2128 ea

150 2196 235 2257 quae
257 2175 320 2239 iam
345 2184 523 2260 sequuntur
545 2179 578 2243 in
601 2179 809 2244 editionibus:
834 2174 854 2263 ἡ
875 2174 907 2242 δ)
926 2176 1080 2256 δπίνευοις
1100 2177 1190 2242 οὐδὲν
1210 2177 1330 2257 μᾶλλον

151 2284 184 2349 ἔν
198 2298 265 2363 τοῖς
277 2287 355 2351 κατὰ
370 2288 425 2376 τὴν
445 2290 584 2377 κεφαλὴν
601 2285 622 2377 ἡ
640 2289 672 2354 ἐν
691 2302 756 2367 τοῖς
771 2288 849 2353 κατα
866 2290 920 2355 τόν
939 2285 1072 2375 θώρακα
1085 2291 1166 2377 (scil.
1183 2287 1330 2375 ἐμφαίνει

152 2398 189 2461 τδ
209 2392 380 2485 ἡγεμονοῦν
397 2395 514 2488 elaad?
543 2404 640 2468 immo
670 2425 741 2467 curn
767 2424 830 2466 non
860 2403 894 2467 id
924 2410 1033 2486 ageret
1059 2409 1095 2467 ut
1118 2424 1209 2467 εοεαε
1230 2401 1331 2483 ipsius

152 2512 345 2576 sententiam
367 2535 430 2577 non
450 2515 552 2596 magis
573 2535 672 2597 quarn
696 2515 927 2599 Chrysippeam
949 2516 1010 2579 illis
1033 2511 1333 2580 ratiocinationibus

152 2622 286 2705 probari
309 2624 436 2708 diceret,
461 2627 516 2691 sed
536 2627 768 2710 (llrrysippeam
791 2648 854 2691 non
877 2627 979 2709 magis
1006 2648 1104 2708 quam
1125 2648 1227 2707 suam,
1250 2625 1333 2688 sicut

153 2742 252 2800 antea
274 2756 366 2799 εοεαε
388 2738 578 2802 sententiam
600 2739 633 2802 in
660 2739 762 2803 altero
784 2738 927 2803 membro
956 2739 1168 2803 collocaverat
1185 2732 1218 2823 (ἡ
1237 2734 1268 2800 ἐν

152 2853 200 2932 τῷ
220 2847 386 2933 μετώπῳ),
407 2849 455 2912 ita
476 2871 560 2913 nuno
583 2851 689 2932 etiam,
719 2856 755 2914 ut
775 2850 808 2912 id
835 2851 923 2931 (γοοδ
945 2851 1074 2915 volebat
1092 2855 1178 2915 recte
1197 2870 1334 2931 pronun·

152 2960 263 3041 tiaret,
293 2965 352 3024 aut
379 2960 548 3027 dicendum
578 2963 607 3026 ei
634 2970 717 3027 erat:
748 2960 769 3048 ἡ
800 2960 828 3026 δ’
846 2960 1001 3039 ίπίνευσις
1028 2957 1117 3026 οὐδὲν
1143 2961 1264 3042 μᾶλλον
1294 2958 1334 3023 ίν

151 3081 242 3167 τοῖς
270 3058 369 3135 κατὰ
398 3073 466 3136 τὸν
495 3071 662 3156 θώρακα
694 3069 715 3159 ἡ
742 3074 781 3138 ἒν
809 3087 898 3154 τοῖς
926 3074 1028 3139 κατὰ
1057 3073 1125 3161 τὴν
1154 3070 1334 3158 κεφαλὴν

153 3184 213 3247 aut
232 3178 253 3270 ἡ
275 3179 304 3247 δ’
319 3181 473 3263 ἒπίνεαοις
494 3180 583 3251 οὐδὲν
609 3177 731 3272 ἡττον
761 3186 792 3250 ἐν
821 3199 889 3266 τοῖς
914 3186 993 3251 κατα
1022 3184 1077 3275 τὴν
1103 3181 1242 3271 κεφαλὴν
1267 3177 1335 3268 ἡίν

152 3304 222 3383 τοῖς
246 3293 326 3358 κατὰ
353 3294 406 3359 τδν
427 3297 569 3381 θώρακα,
600 3318 738 3379 (procum
760 3297 899 3363 conferri
922 3304 1028 3381 potest
1049 3297 1136 3380 quod
1162 3295 1336 3360 decadem

153 3426 190 3471 re
212 3405 292 3470 dicit
316 3409 424 3488 170,1c
445 3405 466 3470 d
489 3412 631 3490 περαίνει
652 3408 710 3490 μὲν
732 3408 829 3486 οὐδέν,
854 3407 1011 3475 ἅναλίοκει
1033 3408 1067 3473 δὲ
1088 3408 1140 3471 καὶ
1161 3411 1337 3491 κατατρίβει

152 3517 258 3602 μάτην
279 3512 370 3603 ἡμῶν
392 3519 444 3582 τὸν
466 3518 577 3602 χρόνον
593 3570 600 3584 .
615 3570 643 3585 ..
662 3523 969 3606 συγκαταβαινόντων
997 3545 1030 3586 τε
1051 3521 1103 3584 καὶ
1124 3518 1335 3602 ουμπαλαιόν-

153 3651 218 3693 των
248 3626 355 3705 αι’·τοῑς
382 3625 466 3714 ὑπὲρ
491 3636 547 3695 τοὺ
573 3632 674 3713 δεῖξαι
698 3633 748 3697 καὶ
777 3631 851 3709 τούς
874 3631 1005 3709 ἰδιώτας
1031 3633 1082 3697 καὶ
1105 3631 1178 3708 τούς
1204 3628 1337 3714 ποιητάς

154 3737 247 3805 οὐδὲν
269 3732 360 3827 ἡττον
379 3738 454 3827 ἡμῖν
477 3738 497 3828 ἡ
515 3740 643 3821 ἐκείνοις
663 3750 905 3828 μαρτυροῦντας.

705 3999 788 4070 VII.

246 4138 336 4216 184‚7
360 4135 440 4199 κατυλ
461 4136 521 4222 γάρ
543 4136 599 4214 τας
621 4136 704 4214 ἰδίας
725 4135 829 4202 αὐτῶν
852 4135 1011 4219 (intellege
1032 4141 1095 4201 τών
1114 4135 1147 4201 ἐκ
1167 4144 1223 4203 τοῦ
1245 4162 1334 4224 περι-

156 4248 273 4327 πάτου)
295 4245 493 4325 διδασκαλίας
521 4245 540 4311 ὁ
571 4250 662 4333 λόγος
687 4247 773 4314 ἔσται
800 4273 855 4330 μοι
884 4249 964 4335 πρὸς
991 4246 1107 4325 ου’τούς
1135 4246 1238 4336 ὑπὲρ
1268 4254 1336 4340 τὴν

156 4366 228 4426 τοῦ
257 4353 506 4445 ἡγεμονικοῦ
535 4368 603 4447 τὴς
634 4368 768 4448 ψυχῆς
795 4358 923 4449 ἅρχὴν
952 4361 1009 4441 (sic
1032 4361 1084 4442 M3
1108 4356 1212 4449 ὑπὲρ
1244 4363 1335 4451 ἡγε-

1148 4467 1166 4519 2
