2956 4942
684 334 899 395 -10..

205 531 244 617 δή
278 532 314 595 τό
346 526 376 614 γ’
392 527 426 594 ἐκ
447 529 602 594 τοσούτων
634 551 668 592 τε
702 527 754 591 καὶ
785 526 935 592 τοιούτων
967 521 1071 611 ὀγρῶν
1102 525 1265 606 χιτώνων
1296 548 1333 590 τε
1359 524 1397 588 καὶ

206 638 327 723 ὀμένων
344 641 396 705 καὶ
413 647 503 721 μυῶν
514 637 576 704 aidi
591 663 661 716 πως
677 643 881 722 συγκειμένων
896 637 1140 702 κατεσκευάσθαι
1158 635 1240 722 τὴν
1264 633 1398 702 σόσίσν

206 748 331 836 αότήν
359 746 466 815 εἶναι
495 751 641 833 βούλεται
668 756 731 814 των
759 747 940 834 ὀφθαλμῶν
968 744 1241 834 ὀἎριστοτέλης.
1281 749 1319 812 in
1340 768 1397 831 pro
1453 756 1456 761 '

205 863 300 927 rimis
322 884 395 927 vero
419 861 522 927 verbis
545 863 622 926 vitia
647 862 749 926 latere
775 868 920 945 apparet.
961 866 1059 942 atque
1087 860 1244 942 primum
1275 859 1397 942 quiden

205 996 265 1058 pro
299 972 553 1057 άπανριναίμεθα
584 994 657 1037 cum
690 972 844 1038 Muellero
883 967 1218 1053 ὀποκριναίμεθ’
1243 966 1299 1034 ἂν
1334 971 1397 1035 scu'·

206 1084 348 1150 bendum
378 1105 446 1149 esse
468 1085 534 1149 reri
564 1085 665 1148 simile
695 1093 752 1149 est.
788 1084 872 1149 idem
901 1103 960 1166 pro
986 1080 1038 1146 ἵνα
1066 1072 1086 1168 ἦ
1113 1080 1187 1146 leni
1218 1083 1396 1147 mutatione

206 1196 333 1280 scripsit
353 1191 395 1258 ἵν’
413 1190 451 1257 ἂν
473 1184 502 1279 ᾖ,
526 1195 612 1278 quod
635 1195 816 1261 confirmari
838 1194 965 1259 videtur
985 1194 1030 1259 eis
1053 1214 1137 1276 quae
1157 1192 1226 1258 ΠΙ
1251 1197 1350 1277 629,s
1363 1194 1396 1260 le

206 1314 342 1390 guntur:
373 1301 445 1371 ὅτι
466 1302 505 1370 άν
528 1303 656 1371 ὀπτικόν
680 1305 811 1390 ὀργανω
841 1295 871 1390 ᾖ,
901 1303 985 1370 τοῦτ’
999 1303 1177 1391 ὀφθαλμὸν
1200 1300 1395 1389 ὀνομάζομεν

206 1414 262 1482 σόκ
284 1416 338 1482 ἐάν
367 1415 398 1481 ἐν
420 1423 459 1502 τῇ
487 1419 609 1502 κεφαλῇ
630 1418 733 1498 μόνον,
764 1414 847 1480 ὀλλά
866 1417 918 1481 καὶ
940 1415 993 1481 ἐπὶ
1014 1422 1078 1480 τῶν
1099 1420 1249 1500 στέρνων
1271 1408 1296 1505 ᾖ
1321 1442 1393 1484 reru

206 1533 334 1612 γμένον;
363 1528 418 1593 sed
446 1529 473 1591 si
494 1529 676 1592 accuratius
699 1549 767 1591 rem
789 1530 997 1612 reputaveris,
1020 1526 1113 1591 facile
1136 1527 1323 1614 intelleges
1345 1530 1394 1595 hoc

207 1639 337 1723 quidem
358 1638 429 1702 loco
459 1639 552 1722 plane
575 1639 654 1703 nihil
680 1660 749 1703 esse
779 1661 836 1702 our
866 1645 1020 1721 urgeatur
1045 1637 1180 1702 oculum
1210 1640 1394 1707 ubicun-

207 1772 284 1834 qne
313 1750 371 1814 sit
399 1749 526 1815 videndi
555 1751 805 1814 instrumentum
836 1770 914 1830 esse,
944 1750 1000 1814 sed
1031 1749 1064 1813 id
1093 1769 1197 1832 agere
1236 1750 1393 1820 Galenun

206 1868 243 1926 ut
263 1862 377 1926 doceat
398 1861 524 1925 oculum
541 1882 609 1926 esse
628 1882 699 1925 eam
715 1862 856 1944 corporis
879 1868 1003 1943 partem
1026 1880 1109 1944 quae
1127 1861 1272 1929 videndi
1287 1884 1391 1929 munus

208 1978 349 2059 praestet
382 1972 763 2054 quomodocumque
797 1974 854 2035 sit
896 1971 1129 2054 composita
1171 1979 1315 2059 atque
1343 1977 1392 2039 in·

208 2085 366 2147 stituta
378 2082 431 2162 (of.
450 2087 547 2163 159,8.
568 2101 598 2153 11
617 2105 675 2164 ss.;
701 2088 808 2165 160,10
823 2087 888 2162 sa).
906 2082 1089 2165 itaquealin
1102 2083 1391 2171 circumspicienda

208 2184 256 2258 est
277 2195 372 2258 huius
399 2194 461 2257 loci
483 2193 617 2258 medela.
655 2200 751 2276 atque
774 2195 806 2259 id
834 2195 972 2259 maxime
1000 2193 1222 2277 spectandum
1252 2219 1327 2264 esse
1352 2219 1392 2263 ex·

208 2306 314 2369 istimo
337 2313 372 2369 ut
394 2304 495 2368 dativi
516 2310 561 2388 τῴ
588 2301 752 2390 ὀφθαλμῷ
780 2312 812 2370 et
842 2302 967 2391 ὀργάνῳ
988 2302 1113 2389 «intexui
1138 2315 1314 2389 quantum
1336 2310 1393 2375 fieri

208 2415 308 2498 possit
334 2415 447 2479 intacti
478 2415 716 2496 relinquantur3
746 2438 821 2481 nam
850 2418 902 2481 eui
924 2417 1020 2482 verba
1045 2416 1101 2480 illa
1127 2417 1260 2501 legenti
1283 2423 1391 2487 nonin
1428 2421 1443 2442 ⁹

208 2534 348 2591 mentem
370 2526 455 2590 venit
477 2525 687 2590 formularum
704 2526 830 2592 illarum
852 2530 969 2610 quibus
991 2527 1190 2594 Aristoteles
1213 2532 1390 2616 significare

208 2639 289 2703 solet
310 2639 356 2703 rei
372 2637 597 2719 substantiam,
619 2637 659 2702 de
674 2659 739 2721 qua
757 2640 827 2721 ipso
847 2639 992 2705 hocloco
1007 2637 1178 2727 agitur?¹)
1197 2664 1390 2730 magnopere

207 2751 307 2833 igitur
329 2748 505 2815 cavendum
536 2756 583 2813 est
612 2771 652 2814 ne
681 2750 797 2814 dativis
824 2750 885 2814 illis
916 2757 1034 2816 temere
1056 2751 1196 2817 mutatis
1219 2754 1317 2822 illam
1338 2778 1390 2823 ser·

208 2864 312 2926 monis
323 2861 533 2945 Peripatetici
548 2863 779 2944 proprietatem
791 2862 962 2926 deleamus.
985 2862 1064 2927 haec
1074 2884 1149 2927 cum
1165 2865 1388 2947 deliberarem,

208 2974 286 3056 quid
307 2995 416 3038 verum
439 2980 521 3039 esset
549 2994 600 3037 me
622 2973 731 3037 docuit
752 2972 923 3038 Dielesius.
953 2973 1119 3056 proposuit
1142 2976 1237 3041 enim
1264 2987 1305 3044 ut
1327 2980 1389 3044 sen'·

209 3087 337 3163 beretur
355 3087 398 3149 τὸ
420 3092 495 3169 γοῦν
518 3082 683 3170 ὀφθαλμῷ
704 3077 741 3149 ελ
748 3109 813 3149 ναι
835 3090 866 3149 τί
888 3082 959 3149 ποκ’
977 3083 1058 3149 ἔστιν
1079 3083 1305 3172 ἐρωτηθέντες
1321 3089 1389 3156 ὀσσ

207 3194 384 3280 κριναίμεθ
402 3191 440 3259 dv
462 3191 598 3280 ὀργάνῳ
619 3191 761 3280 ὀπτικῴ’.
795 3216 860 3278 qua
879 3195 1101 3260 emendatione
1118 3216 1236 3264 omnes
1262 3200 1389 3268 difficit

207 3294 293 3373 tates
320 3307 553 3390 elegantissime
575 3309 729 3372 removeri
760 3307 838 3370 mihi
863 3307 1028 3386 videntur3
1057 3326 1132 3370 nam
1156 3307 1192 3373 in
1215 3309 1320 3380 hiatu
1338 3315 1389 3379 hoo
1470 3341 1474 3347 ·

87 3452 89 3456 .
206 3419 277 3483 loco
305 3419 433 3483 minime
463 3418 602 3484 offendet
632 3420 687 3501 qui
717 3417 888 3498 Galenum‚
918 3416 945 3482 si
974 3416 1137 3482 vocabulis
1166 3420 1389 3511 philosophiae

208 3529 426 3594 Aristoteleae
458 3531 595 3612 propriis
628 3530 678 3594 uti
710 3529 854 3606 volebat,
885 3550 925 3594 ne
956 3529 1098 3612 potuisse
1130 3532 1273 3611 quidem
1305 3538 1389 3604 aliter

207 3641 296 3724 loqui
322 3642 536 3724 reputaverit3
566 3648 733 3722 praeterea
763 3640 908 3705 conferas
928 3640 1092 3705 Peterseni
1120 3662 1280 3714 normam
1301 3673 1334 3734 p.
1356 3652 1388 3714 u

207 3776 293 3820 num.
315 3758 345 3817 8.

292 3863 396 3928 Paulo
426 3869 499 3946 post
528 3865 568 3939 (v.
594 3865 645 3941 15)
675 3883 733 3926 cur
755 3863 929 3927 Muellerus
961 3883 1019 3944 pro
1050 3859 1122 3927 οόδὲ
1151 3864 1206 3950 (od
1229 3869 1284 3958 dl)
1311 3870 1389 3958 quod

207 3976 381 4039 rectissime
398 3974 515 4057 legitur
535 3974 567 4037 in
585 3971 612 4038 O
635 3973 775 4038 seribere
791 3974 939 4039 maluerit
956 3969 1020 4049 οόκ,
1045 3994 1103 4055 ego
1125 3996 1192 4042 non
1215 3984 1388 4068 explorari,

279 4213 300 4281 ¹)
318 4212 352 4266 cf.
372 4211 480 4267 Bonita.
498 4212 555 4265 ind.
574 4212 661 4265 Arist.
680 4207 752 4266 221¹l
766 4213 841 4266 34ss.
