3308 5122
771 405 984 466 „45-

263 599 359 663 ‘vero
381 605 419 662 ui
440 598 588 664 omnibus
610 598 689 663 loeis
707 599 825 680 quibus
846 598 887 662 de
904 597 954 662 his
974 597 1101 662 duabus
1121 595 1302 663 rationibus
1321 596 1464 664 Galenus

278 709 384 773 *verba
414 709 493 773 feeit
521 711 662 793 (732‚12;
698 713 822 789 768‚1a;
858 714 982 790 775,14;
1015 713 1126 790 817,14
1154 713 1232 788 etc.;
1266 706 1306 771 of.
1338 707 1398 775 SM
1424 707 1465 772 Π

285 823 373 901 4311
397 818 447 902 s),
475 822 521 884 ita
542 821 603 884 hoe
626 820 1015 904 η1οηυεΙοοοδιαιρτσετ
1038 821 1080 904 (v.
1106 819 1162 904 10)
1185 819 1261 882 olim
1283 820 1464 903 oppositam

285 930 384 996 fuisse
410 932 613 996 σύνθεσιν.
657 934 902 1015 praepositionis
938 930 993 995 σίν
1022 931 1191 1012 vestigium
1220 929 1355 995 fortasse
1384 931 1465 995 latei

285 1043 318 1106 in
329 1042 438 1107 littera
451 1049 594 1108 extrema
605 1044 801 1126 pronominis
815 1039 938 1128 ταύτης,
957 1064 1014 1126 pro
1025 1063 1090 1126 quo
1106 1043 1133 1106 si
1148 1041 1274 1128 ταύτῃ
1284 1040 1464 1123 scribimus,

285 1153 320 1217 id
342 1153 437 1218 simul
456 1155 620 1219 lucramur
649 1159 686 1219 ut
706 1154 900 1236 perlucidior
926 1152 985 1217 fiat
1003 1155 1117 1218 oratio.
1162 1175 1238 1218 nam
1266 1154 1327 1219 elsi
1348 1174 1404 1235 per
1431 1174 1465 1217 se

286 1264 441 1329 adieetivo
457 1262 663 1350 άντίοτροφος
678 1265 860 1347 genetivum
875 1285 940 1328 non
954 1264 1059 1328 minus
1075 1285 1174 1347 quam
1188 1265 1332 1329 dativum
1347 1264 1466 1346 apponi

286 1395 379 1457 posse
401 1382 537 1457 constat,
568 1377 629 1441 hoo
650 1382 758 1441 tamen
777 1376 848 1440 loeo
868 1376 996 1441 dativus
1018 1376 1115 1461 ταύτῃ
1143 1379 1195 1459 (τῇ
1215 1374 1295 1438 κατά
1316 1374 1464 1456 διαίρεσιν

286 1493 350 1550 τῶν
365 1494 465 1570 γενῶν
479 1485 555 1572 άχρι
574 1493 637 1550 τῶν
651 1483 778 1567 άτόμων
799 1481 877 1570 ὁδῶ)
895 1488 998 1551 multo
1013 1486 1140 1552 facilius
1154 1485 1351 1567 intellegitur
1367 1505 1464 1567 quam

283 1600 451 1680 ¹genetivus
481 1599 605 1685 ταύτης.
658 1597 815 1662 simillime
842 1598 930 1662 dieta
962 1605 1037 1664 sunt
1065 1618 1149 1680 quae
1183 1599 1274 1677 rore
1298 1598 1463 1679 leguntur:

287 1705 323 1795 (δ
353 1711 503 1796 Πλάτων)
530 1711 677 1775 δείκνυσιν
710 1707 757 1784 είς
789 1717 908 1787 τεχνῶν
940 1711 1084 1775 σύστασιν
1111 1705 1358 1794 ἀναγκαιοτάτην
1385 1701 1465 1771 εἶναι

286 1821 343 1904 την
373 1821 634 1907 διαιρετικην
661 1820 714 1884 καί
743 1820 988 1906 συνθεττκήν
1017 1825 1155 1904 θεωρίαν
1184 1820 1397 1902 γεγυμνάσθαι
1430 1841 1464 1881 τε

284 1933 404 1998 κελεύει
426 1932 542 2009 διττῶς
566 1929 634 1996 κατ)
648 1928 746 2016 αὐτὴν
769 1929 837 1994 άπὸ
865 1931 923 2011 μὲν
951 1937 1008 1995 τοῦ
1030 1932 1156 2015 πρώτου
1185 1932 1237 1994 καὶ
1256 1930 1462 2013 γενικωτάτου

287 2049 615 2127 καταβαίνοντας
643 2042 697 2106 ἐπὶ
731 2042 770 2105 τά
807 2048 917 2127 μηκέτι
946 2042 1045 2128 τομην
1073 2041 1226 2123 δεχόμενα
1256 2040 1312 2106 διά
1341 2047 1405 2103 τῶν
1433 2039 1465 2103 ἐν

287 2158 333 2239 τῷ
363 2155 481 2236 μεταξδ
514 2156 704 2240 διαφορῶν.
730 2203 737 2216 .
763 2203 787 2229 .,
827 2153 964 2230 ἔμπαλιν
1004 2150 1033 2218 δ’
1057 2150 1126 2217 άπδ
1158 2159 1222 2217 τῶν
1254 2150 1465 2217 είδικωτάταιν

288 2268 417 2331 πολλῶν
452 2265 551 2330 ’όντων
589 2261 890 2344 άναδαίνοντας
933 2264 988 2329 ἐπὶ
1024 2265 1060 2329 τδ
1098 2270 1225 2349 πρῶτον
1262 2270 1351 2346 γένος
1384 2261 1465 2325 κατά

288 2378 500 2442 σύνθεσιν·
524 2372 598 2439 ὁδόν
624 2375 681 2455 μὲν
702 2376 765 2458 γάρ
787 2369 868 2440 εἶναι
889 2374 966 2457 μίαν
988 2373 1125 2460 άμτγοῑν,
1157 2372 1403 2459 ὁδοιπορίαν
1431 2372 1466 2437 δὲ

288 2487 430 2573 διττὴν
452 2486 521 2552 ιίπδ
543 2493 678 2568 θατέρου
698 2492 762 2549 τῶν
784 2487 920 2570 πρῶτων
941 2485 996 2551 ἐπὶ
1017 2487 1156 2571 θάτερον
1177 2485 1313 2566 ἐναλλάξ
1333 2483 1421 2550 ίόντι.
1462 2477 1465 2483 ’

819 2793 937 2858 XLII.

377 2936 483 3012 795‚16
514 2928 702 3016 ὁμοιότητος
732 2930 796 3013 γάρ
826 2930 920 3017 οὔσης
952 2934 1072 3018 πολλης
1105 2931 1198 3007 ἐνίοις
1227 2934 1290 2994 τῶν
1320 2934 1467 2994 πιθανῶν

287 3049 354 3124 μέν,
375 3042 431 3107 οὐκ
450 3041 583 3130 άληθῶν
604 3044 638 3109 δὲ
653 3042 738 3126 πρός
759 3041 833 3118 τούς
850 3040 949 3119 δντως
966 3041 1075 3120 (ὄντας
1086 3041 1171 3122 libri,
1196 3063 1277 3106 corr.
1292 3040 1466 3120 Dielesius)

289 3154 423 3240 εἰληθεὶς
451 3156 562 3237 λόγους
585 3150 603 3217 ό
633 3159 880 3237 γεγυμνασμένος
906 3154 1071 3237 διακρίνειν
1101 3150 1162 3216 εἶπ’
1177 3152 1324 3238 άλληίων
1352 3148 1468 3227 αάτοδς

290 3265 406 3330 εἴσεται
437 3272 549 3350 σατγῶς
577 3261 649 3328 ὅσον
678 3288 710 3327 τε
734 3263 793 3349 χρη
813 3263 947 3346 δόγμασι
971 3264 1129 3328 πιστεύειν
1158 3259 1203 3340 ῶς
1225 3261 1378 3348 εἰληθέσιν
1398 3258 1468 3327 ὅσον

291 3374 387 3456 ploos
407 3376 491 3457 libri,
519 3396 599 3439 corr.
622 3374 811 3458 Muellerus)
838 3398 870 3437 τε
898 3374 1143 3458 καταγινώσκειν
1171 3372 1218 3450 ῶς·
1249 3375 1375 3458 ψευδῶν
1398 3370 1468 3439 ὅσον

292 3484 385 3564 (ὅσων
418 3489 509 3567 libri,
542 3509 623 3552 corr.
654 3485 841 3562 Muellerus)
878 3509 912 3550 τε
948 3486 986 3548 vd
1020 3486 1160 3551 πιθανόν
1193 3485 1323 3570 εὔδηλον
1357 3481 1469 3562 ὅπως

291 3596 314 3661 τί
322 3599 341 3663 δ
349 3602 414 3684 ηλί
422 3624 467 3675 ας
489 3597 581 3676 ἔχον
602 3605 762 3679 προσέοικε
785 3603 830 3679 τη]
849 3594 1013 3682 άπιθάνῳ.

376 3707 577 3772 Particulam
605 3703 634 3769 τ’
650 3715 722 3790 post
752 3702 842 3782 ὅπως
871 3729 943 3771 cum
974 3708 1129 3773 lluellero
1158 3708 1360 3772 inserendam
1389 3729 1467 3788 esse,

284 3819 355 3882 -elsi
376 3818 493 3882 omissa
511 3826 560 3881 est
583 3819 614 3882 iu
635 3818 809 3898 codicibus,
830 3839 923 3882 nenio
938 3819 1086 3900 negabit3
1109 3839 1211 3900 neque
1227 3840 1301 3884 vero
1320 3840 1400 3902 opus
1422 3826 1470 3883 est

292 3950 364 3992 cum
387 3930 497 3994 eodeni
519 3952 578 4013 pro
606 3929 678 4009 ἔχον
709 3930 845 3994 scribere
867 3933 1015 4008 μετέχον,
1045 3950 1118 3992 oum
1146 3931 1310 4010 genetivus
1337 3927 1469 4014 άδηλίας

293 4039 334 4103 ab
364 4040 516 4106 adverbio
542 4036 632 4116 lime,-
661 4041 801 4125 pendeat
830 4063 869 4104 ex
898 4040 1023 4104 dicendi
1050 4061 1110 4104 usu
1140 4042 1218 4104 satis
1245 4040 1383 4122 vulgari,
1413 4040 1469 4120 qui

292 4171 389 4232 quam
420 4153 484 4217 late
515 4161 624 4236 pateat
653 4153 739 4236 apud
762 4152 921 4220 Galenum
952 4173 992 4215 ex
1021 4150 1107 4215 hisce
1137 4151 1288 4233 exemplis
1316 4156 1465 4233 apparet:

292 4265 384 4342 458‚7
412 4259 591 4348 δπεσχόμητ·
614 4311 621 4324 .
642 4313 648 4326 .
672 4315 679 4328 .
703 4259 721 4328 ό
733 4290 756 4326 τι
771 4288 825 4340 ως
860 4261 1060 4346 άληθείας
1093 4261 1190 4341 ἔχει
1220 4260 1262 4325 τά
1297 4259 1468 4334 Πλάτωνός

291 4400 325 4440 τε
356 4376 407 4437 καί
438 4370 664 4455 Ἱπποκράτους
698 4373 839 4456 δόγματα
871 4373 1121 4454 διασιὲψασθσι;
1158 4378 1267 4454 reris
1298 4370 1379 4454 ,τρδς
1412 4367 1466 4454 την
