2956 4942
560 318 768 384 ..2‘1-

70 523 136 601 μέν
156 543 187 583 τι
208 521 301 602 μέρος
318 508 400 583 εἶναι
420 515 457 582 τά
478 515 583 604 άρχον,
606 511 680 582 ὅταν
701 508 738 582 εὖ
760 517 824 603 ἔχη,
845 516 949 603 ἕτερον
965 518 999 583 δὲ
1020 516 1057 585 ια’
1080 514 1254 606 ὑπηρετοῦν

71 627 197 715 αὐτῇ,
219 629 367 713 καθάπερ
387 626 419 694 έν
441 640 510 706 ταῖς
530 629 656 694 πόλεσιν
675 625 823 715 ὑπηρετεῖ
840 629 876 694 τδ
897 632 1121 714 στρατιωτικόν.
1166 631 1253 697 haud

72 743 146 808 scio
175 763 216 807 an
242 740 444 806 considerata
466 739 614 806 Platonis
636 742 795 806 sententia
818 742 1051 808 restituendum
1080 742 1122 807 sit
1149 739 1255 828 αὐτῷ

73 850 366 940 εσί1.τηῖάρχοντι
391 857 496 937 μέρει;
526 851 565 917 cf.
589 854 680 934 480,1
699 857 863 919 συνέπεται
890 855 943 919 καὶ
970 853 1007 919 τά
1026 855 1193 937 θυμοειδὲς
1210 862 1255 940 τῷ

74 969 278 1052 λογισμηά·
306 963 406 1051 τούτῳ
427 963 489 1049 γάρ
517 961 740 1051 ὑπηρετεῖν
768 964 819 1029 καὶ
842 967 1049 1052 συμπράττειν
1070 962 1177 1054 ὥσπερ
1209 991 1257 1045 τις

73 1077 162 1142 κύων
182 1075 329 1163 κυνηγέτῃ
350 1075 428 1141 κατά
450 1083 506 1142 τοῦ
525 1081 629 1161 τρίτου
649 1083 704 1163 της
726 1084 831 1164 ψυχῆς
848 1078 949 1155 εἴδους
969 1077 1035 1143 ὑπὸ
1056 1085 1112 1166 της
1131 1077 1257 1164 φάσεως

76 1187 193 1274 {eccm
215 1191 325 1272 <483,a
344 1207 360 1259 7
377 1209 403 1254 s·
428 1192 520 1271 505,5
545 1194 621 1270 σία,
652 1188 739 1254 Plat.
766 1211 814 1273 rp.
844 1193 908 1255 440
933 1189 966 1254 D
993 1185 1135 1274 ὁθομδς
1156 1239 1163 1255 .
1188 1240 1195 1254 .
1218 1188 1257 1255 orl

72 1299 255 1385 ,λεἠγειτιῦν
272 1300 430 1385 γενναίων,
452 1299 528 1384 πρὶν
550 1293 589 1364 riv
612 1295 632 1388 ἢ
654 1299 863 1386 διαπράξηται
883 1297 1128 1389 ἢντελευτησηῆ
1149 1297 1257 1387 ω’σπερ

76 1410 163 1476 κάων
194 1407 259 1477 άπὸ
287 1417 406 1494 νομέως
438 1407 503 1478 άπὸ
535 1419 590 1482 τοῦ
624 1413 742 1496 λόγου
779 1417 834 1478 τοῦ
864 1411 940 1500 παρ’
955 1410 1041 1499 αὑτηί
1070 1410 1258 1500 ἀνακληθεὶς

77 1529 252 1608 nectabo}
284 1525 347 1588 441
377 1523 412 1586 A
442 1521 478 1587 τά
504 1524 671 1607 θυμοειδὲς
699 1521 862 1610 ἐπίκουρον
891 1523 926 1591 ὂν
957 1531 1002 1611 τη]
1039 1526 1257 1610 λογιστικῷ

72 1635 191 1722 .φάσει;
209 1635 253 1702 ib.
268 1633 357 1720 Ετηῖ
376 1685 384 1701 .
404 1636 598 1718 ..θυμοειδεῖ
612 1635 931 1725 (προσήκειγδπηκόῳ
945 1631 1089 1703 εἶναικαὶ
1105 1634 1257 1722 ξυμμάχῳ

75 1745 207 1823 τούτουΙ
226 1746 294 1831 (τοῦ
331 1747 584 1834 λογιστικοῦ).
638 1750 733 1815 aliter
767 1771 817 1816 ree
854 1772 888 1816 se
922 1749 1022 1817 habet
1060 1752 1175 1831 739‚e,-
1202 1738 1259 1812 ubi

77 1879 257 1942 pronomen
277 1856 463 1924 femininum
483 1856 563 1946 αὐτῇ
583 1883 646 1926 non
667 1861 708 1926 ad
730 1869 786 1950 της
804 1868 909 1950 ψυχῆς
931 1860 973 1946 (v.
995 1860 1044 1946 4),
1062 1859 1119 1927 sed
1141 1858 1183 1924 ad
1204 1846 1259 1945 τῆς

79 1970 258 2056 διανοίας(
279 2021 287 2038 .
309 1973 344 2058 5)
366 1971 568 2038 referendum
591 1994 659 2038 esse
679 1978 825 2058 apparet.
850 2011 887 2042 -τ

170 2087 262 2166 6923
279 2085 331 2149 καὶ
350 2091 460 2150 τοῦτον
481 2075 537 2150 οὖν
558 2077 724 2169 τὸνλόγον
744 2081 762 2151 ὁ
782 2084 920 2152 Πλάτων
935 2081 1062 2150 ἅπαντα
1077 2085 1260 2170 παρέλιπεν,

79 2190 101 2261 ά
130 2191 161 2260 δ’
175 2192 388 2282 Ἱπποκράτης
410 2245 416 2260 .
441 2245 449 2262 .
472 2191 586 2282 διῆλθε
608 2196 667 2269 ,διά
697 2204 760 2262 των
788 2184 902 2284 ἐφεξῆς
933 2203 972 2282 τῇ
1000 2182 1262 2284 προγεγραμμένη

81 2305 171 2395 ῥήσει
212 2306 319 2392 (689,9
334 2307 403 2392 ss).
460 2309 556 2395 μόνην
598 2307 627 2373 δ’
645 2307 768 2392 άρκέσει
806 2332 862 2392 μοι
907 2309 963 2395 την
1001 2307 1101 2396 άρχην
1138 2304 1238 2394 αὕτη
1246 2333 1262 2384 ς
1322 2386 1325 2391 ¹

81 2414 298 2504 παραγράψαι
319 2421 397 2501 κατά
420 2422 503 2502 λέξιν
525 2418 625 2500 οὕτως
645 2419 781 2501 ἔχουσαν.
825 2444 898 2487 curn
922 2426 1079 2505 appareat
1100 2407 1260 2486 Galenum

83 2530 199 2597 afferre
218 2531 346 2598 initium
367 2539 431 2598 τῶν
453 2533 567 2621 ἑφεξῆς
585 2540 625 2619 τῇ
647 2538 909 2619 προγεγραμμένη
931 2533 1024 2621 ῥήσει,
1050 2552 1113 2596 σου
1135 2531 1260 2596 initium

80 2650 139 2731 τῆς
167 2649 447 2731 προγεγραμμένης
475 2644 607 2733 ῥησεως,
642 2667 752 2711 verum
785 2667 852 2712 esse
880 2667 943 2711 non
974 2649 1080 2729 potest
1113 2643 1200 2727 quod
1228 2643 1260 2707 in

81 2754 248 2822 codicibus
276 2756 525 2823 obeditionibus
547 2758 663 2840 legitur
687 2754 800 2844 αάτης,
828 2758 885 2824 sed
910 2758 1126 2823 neceesarium
1148 2762 1196 2821 cst
1224 2760 1262 2820 ut

82 2867 248 2935 scribatur
268 2865 389 2953 άρκέσει
411 2892 465 2963 μοι
485 2869 541 2956 την
559 2867 659 2955 α’ργην
680 2865 813 2932 αάτων
834 2868 1055 2955 παραγράψαι.

667 2946 875 3081 ,ι

373 3251 379 3264 0
492 3244 495 3251 ⁴
603 3161 746 3230 XVIII.
830 3154 833 3159 ’

71 3336 77 3343 -
173 3301 280 3375 349,11
299 3297 514 3385 (Χρύσιππος)
532 3297 615 3382 πρὸς
635 3296 730 3365 αδτὸν
750 3298 933 3384 διαφέρεται
954 3298 1021 3362 νυνὶ
1042 3297 1099 3380 μὲν
1119 3302 1262 3388 γίνεσθαι

79 3413 219 3499 νομίζων
243 3410 281 3474 τά
303 3411 396 3496 πάθη
417 3409 490 3476 άνευ
512 3412 603 3496 λόγου
625 3413 677 3476 καὶ
700 3411 755 3498 (of.
774 3408 936 3476 Peterson.
958 3434 989 3494 p.
1008 3413 1048 3475 55
1070 3410 1110 3495 e.)
1126 3412 1261 3495 κρίσεως,

72 3508 151 3618 Ινυνὶ
164 3522 203 3609 ⁸‹l'
218 3519 255 3589 οὐ
276 3522 369 3603 μόνον
391 3527 523 3609 κρίσεσιν
545 3521 680 3590 ἕπεσθαι
701 3523 838 3609 φάσκων,
861 3520 932 3615 άλλ’
946 3521 1046 3588 αὐτὸ
1073 3521 1118 3608 δη
1147 3526 1263 3587 τοῦτο

79 3643 201 3725 κρίσεις
219 3626 311 3702 εἶναι.

173 3747 258 3815 (lum
278 3753 450 3831 utrumque
471 3752 503 3812 et
523 3750 655 3830 κρίσεσιν
679 3746 814 3813 ἕπεσθαι
841 3752 874 3813 et
894 3743 1009 3832 κρίσεις
1027 3741 1107 3811 εἶναι
1124 3764 1265 3831 pronun«

74 3866 187 3943 ,tietur
217 3860 257 3928 de
286 3856 599 3951 perturbationibus,
632 3882 696 3923 non
724 3880 803 3943 opus
835 3865 884 3925 ost
915 3859 947 3922 in
977 3858 1079 3922 altero
1109 3854 1263 3921 orationis

82 3973 232 4041 membro
252 3972 356 4056 premi
385 3972 562 4037 subiectum
590 4009 633 4019 -
659 3972 745 4053 quod
774 3976 812 4037 ut
835 3970 973 4037 efficeret
992 3969 1165 4034 Muellerus
1186 3964 1264 4032 αὐτὸ

82 4086 131 4174 or}-
148 4089 242 4152 τοῦτο
261 4085 295 4148 in
317 4081 398 4148 αδτά
420 4084 579 4171 δηταάτα
601 4083 652 4164 (τά
672 4081 778 4170 πάθη)
801 4082 937 4147 mutavit
961 4119 998 4129 -
1021 4081 1077 4146 sed
1100 4079 1263 4163 aptissime

83 4199 167 4266 dicit
187 4195 333 4264 Galenus
349 4195 563 4280 Chrysippum
585 4217 648 4261 non
670 4194 865 4278 acquievisse
886 4195 919 4259 in
940 4193 1097 4260 sententia
1114 4192 1263 4276 Zenonis,

83 4311 143 4397 qni
172 4308 434 4397 perturbationes
464 4331 502 4393 ea
534 4329 602 4375 esse
634 4308 801 4388 docuerat¹
821 4328 905 4393 quae
936 4306 1055 4374 iudicia
1086 4312 1264 4394 sequuntur
