3308 5122
655 401 872 462 ...47-

172 588 497 675 φάρυγγα..οότ·ω
529 613 600 670 πως
636 591 912 674 ἕχειθέσεως
943 590 976 679 (ἡ
1006 594 1148 679 καρδία),
1183 590 1262 659 ὥστε
1282 593 1351 660 διά

172 706 267 782 μέσου
293 710 348 766 τοῦ
369 704 542 787 πνεύμονος
568 700 648 790 αὐτῇ
669 712 839 792 συνῆπται;
870 705 930 771 SM
956 706 996 770 H
1019 710 1106 788 84,10
1128 701 1207 791 αὕτη
1230 703 1263 794 (ἦ
1289 713 1352 772 ’τεόν

173 809 370 894 άνατομικιόν
390 809 609 904 ,ἐγχειρήσεων
638 819 881 903 πραγματεία).
906 866 913 882 .
938 816 1079 883 διδάσκει
1109 815 1151 880 τά
1178 817 1352 902 φαινόμενα

171 923 268 1007 μόρια
292 923 373 989 κατά
401 925 462 1001 τάς
485 922 647 1008 άνοτομάς
674 921 727 1002 τός
754 927 773 992 δ’
778 953 845 1008 χει
865 932 1071 1011 μεγέθους
1097 953 1132 993 τε
1160 930 1213 993 καὶ
1232 934 1353 1005 θέσεως

172 1034 223 1097 καὶ
254 1034 454 1112 διαπλάσεως
481 1038 534 1101 καὶ
564 1039 683 1125 πλοκῆς
710 1039 763 1102 καὶ
792 1045 902 1123 χροιᾶς
937 1039 989 1102 καὶ
1023 1047 1084 1126 τῆς
1117 1040 1199 1124 πρός
1230 1039 1353 1126 άλληλα

173 1151 330 1222 κοινωνίας
353 1147 406 1237 (uf.
430 1147 449 1212 I
470 1148 602 1234 415‚9);
617 1150 642 1213 ·I
664 1154 704 1213 96
722 1149 852 1234 (277,3)
870 1145 1030 1236 α’νατομῆς
1046 1156 1135 1234 χρεία
1155 1155 1210 1238 τῆς
1226 1149 1353 1217 ἕκαστον

173 1263 234 1320 τῶν
263 1254 352 1336 ἐντός
383 1255 433 1336 τός
461 1259 548 1338 ἔχει
567 1258 727 1342 φάσεως
756 1254 1007 1348 ἕκδιδαοκοόσηςς
1041 1261 1099 1326 ΠΙ
1133 1267 1180 1342 9,6
1207 1259 1241 1349 (ἡ
1270 1265 1350 1350 χεὶρ)

173 1364 300 1445 οὕτως
327 1368 414 1451 ἔχει
443 1375 704 1456 κατασκευῆς,
729 1366 776 1446 τός
795 1371 850 1434 oda
871 1363 927 1447 άν,
955 1371 1046 1456 ε’ίπερ
1071 1371 1185 1456 ἑτέρως
1206 1371 1349 1457 ἐγεγόνει,

172 1476 294 1546 διέκειτ’
309 1476 348 1545 όν
366 1480 511 1562 άμεινον;
534 1481 577 1545 ib.
598 1485 667 1561 26,5
686 1473 713 1543 τό
724 1481 742 1544 δ
750 1479 768 1544 ε’
785 1502 855 1557 πως
873 1480 940 1561 ἔχει
958 1479 1201 1569 θερμότητό
1212 1509 1227 1560 ς
1248 1487 1349 1550 τεκαὶ

171 1591 371 1677 ψυχρότητος
406 1593 442 1656 τό
472 1599 580 1674 σιῦμα;
610 1590 702 1659 XIV
733 1594 824 1674 624,8
849 1592 968 1669 πάντες
995 1593 1084 1675 ’ίσμεν
1107 1592 1261 1682 άλληλους
1282 1647 1288 1662 .
1312 1645 1349 1662 ..

172 1696 283 1777 ὅπως
308 1750 314 1765 .
340 1704 557 1779 ,παιδείας
588 1701 732 1783 ἔχομεν
761 1704 813 1766 καὶ
834 1703 970 1788 κτήσεως
991 1707 1044 1769 καὶ
1064 1706 1183 1789 τρόπου
1204 1709 1257 1771 καὶ
1273 1712 1350 1790 βίον.

687 2007 826 2073 XLIII.

256 2148 365 2228 802,12
398 2141 482 2229 δριῦν
513 2147 576 2230 γάρ
614 2151 663 2209 τοί
696 2145 788 2210 τινιον
817 2146 872 2234 την
899 2147 1097 2235 περιγραφήν
1129 2143 1148 2235 ἢ
1178 2149 1215 2213 τό
1247 2158 1351 2237 σχῆμα

171 2257 395 2343 παραπλήσιον
424 2253 506 2323 εἶναι
535 2259 659 2333 λέοντος
682 2257 853 2343 προσώπῳ,
882 2257 1033 2343 καθάπερ
1065 2257 1155 2324 ἕνίιυν
1184 2261 1352 2345 δράκοντος

172 2355 192 2442 ἢ
214 2358 311 2426 ἄλλου
333 2368 417 2442 τινός
441 2368 519 2454 ζῴου
542 2365 595 2446 ὥς
617 2392 722 2455 φασι
744 2373 816 2432 καί
838 2370 914 2434 πού
937 2370 996 2454 (sic
1017 2370 1105 2454 libri)
1128 2396 1176 2447 τις
1199 2372 1351 2453 πατάξας

173 2472 294 2551 πέτραν
310 2473 484 2564 άπέρρηξεν
503 2478 604 2568 αὐτῆς
616 2481 797 2568 τηλικοῦτον
814 2475 858 2556 τός
876 2481 912 2544 τό
929 2481 1201 2562 καταλειπόμενον
1217 2483 1351 2552 ἐοικέναι

171 2585 281 2664 μορφῇ
306 2584 428 2663 λέοντος
447 2588 541 2672 ἕτερά
571 2618 606 2657 τε
627 2600 761 2657 τοιαῦτα
789 2591 927 2674 λέγουσιν
949 2587 1043 2671 άπαξ
1062 2591 1094 2656 ἐν
1115 2603 1230 2679 μακρῷ
1248 2594 1352 2684 χρόνῳ

170 2688 248 2753 καθ’
262 2689 337 2780 ὅλην
358 2696 414 2782 την
435 2699 611 2789 οἰκουμένην
632 2702 798 2786 γεγονότα,
826 2708 883 2786 τῆς
905 2701 938 2765 δὲ
965 2709 1027 2765 τεόν
1046 2710 1164 2782 τεχνιῦν
1192 2705 1351 2790 φάσεως

170 2799 215 2886 ἣν
246 2800 432 2884 ἅπαντες
461 2809 680 2892 όίνθριοποι
711 2811 832 2897 φύσει
865 2821 1083 2877 ποιοονται
1105 2815 1275 2901 (siclibri)
1296 2819 1350 2882 καὶ

169 2919 226 2998 τῆς
263 2915 349 2997 πρός
387 2915 490 2995 αότάς
528 2917 718 3005 ὁμοιοτάτης
760 2917 850 3006 ἡμῶν
894 2921 1099 3000 διαπλάσεως
1143 2924 1352 2993 παντάπασιν

169 3020 444 3093 ἐπιλανθάνονται
473 3029 555 3114 (scil.
586 3029 616 3093 oi
646 3030 766 3114 φάντες
796 3033 879 3096 κατά
908 3057 980 3097 τινα
1010 3036 1107 3122 τύχην
1136 3036 1265 3116 ἄτεχνον
1296 3041 1351 3103 καὶ

169 3133 302 3216 άλογον,
333 3136 370 3201 od
397 3137 481 3202 κατά
511 3141 667 3223 πρόνοιαν
694 3150 794 3228 σοφοῦ
817 3143 1005 3230 δημιουργοῦ
1027 3146 1286 3212 διαπλάττεσθαι
1311 3149 1350 3214 τδ

169 3251 262 3326 στῦμα
285 3251 377 3329 802,8
398 3249 465 3335 ss).

254 3356 390 3421 Initium
408 3358 504 3424 huius
521 3364 697 3428 sententiae
721 3385 741 3428 a
758 3365 866 3430 codiee
880 3366 915 3430 H
930 3368 1091 3449 profectus
1109 3374 1194 3434 recte
1209 3372 1351 3436 restituit

125 3487 126 3492 ¹
168 3466 363 3533 Petersenus
395 3469 440 3554 (p.
467 3467 541 3556 63),
570 3473 632 3537 nisi
661 3475 748 3556 quud
775 3477 841 3541 veri
872 3478 1006 3545 similius
1043 3481 1122 3545 mihi
1154 3482 1279 3547 videtur
1305 3480 1350 3558 τός

167 3576 247 3641 illud
280 3580 367 3662 quod
397 3585 472 3644 ante
498 3589 580 3667 φασί
604 3587 765 3651 invenitur
792 3591 1065 3672 transponendum
1099 3613 1166 3657 esse
1193 3600 1265 3676 pest
1295 3601 1352 3660 καί

168 3686 261 3772 (ζῴου
280 3693 370 3773 φασί,
393 3693 447 3752 καὶ
468 3691 512 3767 ὥς
528 3696 591 3758 πού
611 3698 686 3782 τις),
710 3719 774 3781 quo
790 3699 877 3764 facto
899 3722 1007 3767 carere
1022 3724 1190 3786 possumus
1209 3708 1349 3789 eoquod

167 3797 342 3863 Muellerus
371 3798 496 3864 addidit
520 3798 580 3867 ότι.
624 3806 663 3869 de
691 3809 795 3874 verbis
818 3815 966 3876 extremis
995 3820 1053 3897 τῆς
1080 3814 1114 3878 δὲ
1138 3822 1202 3879 τῶν
1229 3825 1350 3896 τεχνιῦν

168 3909 292 3993 φάσεως
308 3907 344 3996 ἣν
361 3904 501 3985 ἅπαντες
516 3909 685 3994 άνθριυποι
702 3916 793 3998 φύσει
816 3928 991 4003 ποιοῦνται,
1013 3924 1177 4004 inquibus
1195 3929 1345 3992 mendum

168 4021 299 4102 aliquod
328 4020 427 4084 latere
456 4028 608 4103 apparet,
640 4025 820 4106 desperavit
841 4029 1034 4096 Petersenus
1064 4033 1108 4116 (p.
1130 4038 1204 4116 42),
1235 4038 1290 4118 qui
1320 4041 1348 4102 si

168 4132 361 4197 meminisset
391 4151 429 4194 ea
450 4131 546 4196 verba
568 4153 651 4214 quae
673 4135 770 4215 paulo
792 4143 866 4218 post
887 4136 1018 4224 (809‚4)
1040 4142 1205 4223 leguntur:
1237 4142 1345 4228 ὥσπερ

169 4234 223 4306 σόν
246 4240 303 4306 ἐπὶ
329 4247 392 4305 τιῡν
414 4239 625 4322 άνθρωπείιον
647 4249 768 4308 παθών
796 4247 1035 4328 ποιούμεθα
1067 4250 1141 4327 τάς
1169 4261 1346 4337 κρίσεις,

0 4331 1 4360 ³
30 4350 76 4496 s
170 4350 254 4418 οὕτω
286 4352 346 4438 χρη
379 4349 459 4416 κάπλ
493 4358 555 4416 τιυν
587 4358 684 4418 θείων
715 4361 879 4421 ποιεῖσθαι
911 4360 966 4422 καὶ
994 4361 1172 4442 θαυμάζειν
1204 4365 1260 4430 τόν
1289 4375 1347 4431 τοὺ
