3308 5122
833 427 1047 488 ...12-

349 617 516 701 posuimus
543 617 687 701 ψευδῶς,
717 617 820 682 altero
849 621 994 703 πονηρῶς
1022 618 1170 683 ecodioe
1197 617 1231 682 M
1254 619 1425 702 receperit3
1454 639 1530 684 nam

350 730 410 793 etsi
429 727 590 794 Dielesius
612 729 739 793 monuit
758 729 803 807 (in
825 728 948 812 ephem.
964 729 1026 794 litt.
1043 729 1068 794 J
1069 750 1118 795 en.
1137 733 1219 794 1875
1235 752 1321 795 num.
1336 733 1370 809 9)
1389 729 1530 795 codicem

351 837 687 922 Ointerpolationum
708 840 839 923 plenum
868 860 945 922 esse,
978 847 1086 906 temen
1112 837 1163 903 his
1186 838 1314 922 quidem
1342 839 1419 906 locis
1441 840 1530 906 baud

351 951 476 1016 invenio
499 971 564 1034 qua
593 952 665 1034 quis
687 972 786 1016 causa
809 950 927 1016 adduci
956 953 1108 1036 potuerit,
1138 956 1176 1014 ut
1204 971 1264 1034 pro
1293 951 1454 1016 adverbiis
1473 953 1531 1017 tri-

350 1061 482 1126 tissimis
502 1060 631 1146 ψευδῶς
652 1068 684 1128 et
705 1067 859 1148 πονηρῶς,
888 1063 917 1128 si
945 1063 979 1127 in
1007 1067 1100 1126 textu
1129 1062 1294 1146 archetypi
1316 1061 1462 1144 fuissent,
1483 1064 1531 1128 in-

351 1174 492 1238 cnicaret
523 1194 632 1239 rocem
664 1173 752 1238 illam
784 1174 1022 1258 exquisitiorem
1050 1177 1237 1260 μοχθηρῶςς
1272 1179 1384 1239 contra
1415 1181 1453 1239 ut
1485 1175 1530 1241 ad

348 1289 522 1373 μοχθηρῶς
541 1285 773 1369 interpretandi
795 1306 891 1352 causa
908 1284 1037 1370 ψευδῶς
1056 1285 1106 1349 vel
1127 1291 1273 1372 πονηρῶς
1293 1286 1531 1351 adscriberetur

351 1403 383 1462 et
413 1417 471 1480 pro
498 1398 695 1462 correctione
724 1397 872 1463 habitum
899 1398 932 1462 in
961 1402 1086 1462 textum
1108 1399 1315 1480 reciperetur,
1345 1396 1437 1462 facile
1459 1397 1530 1462 fieri

348 1509 491 1590 potuisse
521 1508 599 1572 mibi
628 1508 763 1574 ridetur.
801 1516 944 1575 ceterum
969 1529 1033 1573 non
1062 1509 1156 1573 nimia
1183 1508 1432 1574 contemnendas
1459 1530 1529 1575 esse

349 1618 496 1684 codicum
522 1618 580 1687 OL
609 1621 760 1686 lectiones
790 1620 856 1684 iam
884 1619 1080 1685 Petersenus
1110 1625 1155 1702 (p.
1185 1622 1238 1698 18)
1267 1626 1354 1685 recte
1387 1620 1528 1700 monuit;

349 1731 384 1795 id
415 1731 501 1814 quod
531 1731 609 1794 mibi
638 1733 672 1796 in
698 1752 769 1796 eam
799 1752 928 1814 quoque
958 1730 1105 1796 codicum
1136 1713 1384 1813 discrepantiam
1414 1731 1529 1797 cadere

349 1842 477 1907 ridetur
498 1864 582 1926 quae
602 1844 762 1908 invenitur
783 1847 901 1924 186,14.
921 1843 1117 1926 comparatis
1138 1842 1222 1906 enim
1243 1841 1293 1907 his
1310 1842 1389 1908 locis

486 1963 570 2028 lssdps
895 1965 982 2029 294μι
1312 1963 1386 2027 328μ

347 2047 399 2100 ὅσα
416 2045 507 2101 d'drrd
525 2053 582 2101 τῶν
596 2046 707 2118 dudeco·
757 2047 821 2104 roric
847 2045 941 2116 λόγους
966 2052 993 2099 οἳ
1014 2046 1048 2100 τὸ
1074 2065 1116 2098 m·
1141 2103 1144 2139 1
1168 2047 1193 2097 εἰ
1218 2047 1319 2112 ταύτην
1345 2047 1396 2112 τὴν
1423 2044 1488 2098 ὁδὸν
1511 2046 1526 2098 d

348 2139 437 2187 πίνων
466 2131 552 2194 δοξῶν
581 2136 629 2186 εἴτ’
656 2126 707 2184 οὖν
758 2133 851 2186 θανόν
875 2137 964 2198 ἔχουσι
987 2137 1032 2184 καὶ
1059 2127 1117 2195 ουἰχὶ
1142 2146 1143 2186 i
1169 2132 1332 2200 Χρύσιππος
1394 2131 1528 2202 ἐτράπετο

349 2217 464 2273 ἰδιωτῶν
495 2223 550 2272 εἴτε
584 2219 707 2284 ποιητῶν
757 2217 908 2286 ἀπόβλητοι
930 2216 1026 2273 τελέαις
1047 2220 1116 2269 εἰσὶν
1167 2215 1318 2288 παρελθών
1327 2218 1377 2286 τὴν
1386 2216 1453 2272 κατὰ
1465 2217 1528 2275 τοὺς

348 2308 396 2358 εἴτ’
420 2305 449 2364 ἐξ
474 2302 646 2373 ἐτυμολογίας
668 2325 706 2356 τι·
758 2302 821 2356 οὐδὲ
843 2317 971 2373 γυναῖκας
994 2301 1050 2355 οὐδ’
1070 2300 1116 2354 lde·
1167 2305 1273 2367 μύθους
1290 2326 1320 2357 τε
1337 2309 1381 2356 καὶ
1398 2305 1447 2360 τὰς
1470 2307 1527 2356 ἐτυ-

347 2389 394 2446 vde
420 2393 491 2443 εἴτε
514 2389 548 2450 ἐξ
570 2391 705 2442 ἐπινευ-
757 2390 828 2446 atrae
858 2387 913 2442 οὐδ’
944 2387 1116 2457 ἐτυμολογίας
1167 2389 1295 2460 μολογίας
1318 2390 1527 2458 ἀνανεύσειε
1621 2425 1622 2448 r

347 2473 706 2545 μάτωνῆοἶνανευμᾰ-
758 2471 1116 2547 ἢφοράτχειρῶνῆἒπι-
1166 2481 1276 2529 τεκαὶ
1299 2475 1527 2532 κατανεύσεις

347 2585 416 2619 των
462 2563 515 2632 (O‚·
558 2563 628 2613 εἴτε
672 2561 706 2612 ἐκ
757 2562 893 2618 νεύσεις
922 2558 938 2627 ἢ
968 2558 1116 2612 ἅνανεύ-
1167 2561 1280 2632 κεφαλῆς
1303 2568 1347 2614 καὶ
1369 2565 1470 2633 χειρῶν
1490 2584 1527 2614 κι-

347 2647 531 2716 νευμάτων
566 2649 638 2698 εἴτε
674 2645 708 2706 ἐξ
758 2643 1117 2717 αοιικεφαλῆςῆποιητᾶε
1167 2648 1255 2713 νήοεις
1278 2653 1324 2699 καὶ
1345 2645 1443 2712 χειλῶν
1466 2648 1526 2714 σχή-

348 2737 468 2788 ἔπινεν
474 2732 519 2799 μοί
525 2753 598 2784 τιον
615 2731 674 2786 MA
683 2733 706 2800 ¹)
758 2731 948 2786 ἐπικαλοῦνται
965 2731 1105 2804 μάρτυρας
1167 2755 1241 2799 ματα
1258 2739 1303 2786 καὶ
1320 2735 1442 2800 ποιητῶν
1458 2755 1527 2804 μιιρ·

347 2821 395 2874 εἴτ’
408 2819 437 2879 ἐξ
447 2819 511 2871 ὅτου
525 2815 556 2883 dq'
567 2838 640 2872 τινος
652 2819 706 2869 ἑτέ·
1167 2825 1260 2890 ruptae
1277 2817 1334 2887 ἅμα
1356 2819 1461 2888 γυναιξὶ
1482 2824 1526 2871 καὶ

347 2927 397 2975 μου
423 2903 551 2958 τοιούτου
574 2897 706 2970 λαμβάνει·
731 2945 733 2969 r
1167 2919 1224 2960 τοῖς
1242 2903 1331 2960 ἄλλοις
1349 2901 1467 2960 ἰδιώταις

347 3013 392 3046 ται
412 2991 554 3059 λήμματα,
578 2989 627 3041 τοῦ
651 2993 707 3060 ‘cpe'-
731 2975 734 3006 ¹

347 3097 396 3130 του
413 3080 507 3146 γένους
526 3077 602 3126 ἔσται
621 3075 708 3126 ταῦτα

347 3203 422 3248 vera
445 3201 514 3247 esse
536 3179 683 3244 existimo
702 3200 786 3261 quae
805 3177 833 3244 O
856 3178 999 3262 praebet,
1022 3200 1061 3244 ex
1083 3178 1201 3262 quibua
1221 3179 1389 3245 lectionem
1409 3180 1525 3246 codicis

347 3291 384 3356 M
414 3294 448 3355 et
477 3290 624 3356 editionis
645 3291 680 3355 A
707 3291 755 3355 ita
780 3296 964 3374 corruptam
991 3311 1059 3355 esse
1087 3292 1218 3373 conicio,
1248 3298 1285 3354 ut
1307 3293 1444 3373 primum
1465 3312 1525 3375 pro

347 3400 382 3482 ἐξ
395 3400 611 3482 ἐπινευμάτιον
626 3424 683 3486 per
702 3422 843 3467 errorem
863 3402 1055 3467 scriberetur
1073 3399 1106 3466 ἐκ
1122 3400 1289 3482 νευμάτων,
1306 3407 1420 3485 postea
1439 3401 1524 3485 quod

347 3534 368 3578 a
390 3520 568 3578 correctore
590 3514 621 3580 in
652 3515 796 3596 margine
826 3513 1024 3596 adscriptum
1052 3518 1122 3578 erat
1149 3512 1213 3578 εἴτε
1241 3511 1277 3593 ἐξ
1303 3511 1523 3595 incrementum,

349 3646 421 3689 cum
441 3625 484 3690 ad
504 3625 604 3691 verba
625 3619 646 3710 ἢ
668 3621 887 3708 α’νανευμάτων
908 3627 1068 3709 pertinere
1089 3625 1171 3690 falso
1193 3631 1373 3708 putaretur,
1396 3646 1454 3709 pro
1475 3625 1523 3690 bis

347 3739 544 3821 reciperetur
565 3737 599 3800 in
620 3742 756 3801 textum.

434 3847 606 3912 Accedunt
633 3847 688 3912 alii
710 3847 772 3912 loci
794 3848 859 3914 duo
888 3848 1005 3932 quibus
1025 3839 1172 3912 codicum
1195 3846 1253 3913 oL
1274 3848 1427 3914 lectiones
1448 3847 1523 3913 reci·

347 3958 481 4042 piendas
500 3979 568 4024 esse
590 3958 668 4023 mihi
689 3980 879 4042 persuasum
899 3967 963 4026 est:

435 4075 544 4152 356,10
565 4069 722 4153 Galenus,
753 4077 924 4155 postquam
945 4072 985 4138 de
1007 4072 1236 4137 adiectivorum
1256 4070 1298 4135 ab
1324 4077 1345 4134 ᾶ
1367 4071 1519 4154 privativo

348 4182 567 4265 incipientium
593 4183 712 4266 duplici
733 4181 965 4266 significatione
991 4184 1067 4266 egit,
1090 4180 1170 4248 ἄλλο
1192 4183 1226 4248 δὲ
1247 4187 1350 4269 τρίτον
1379 4171 1519 4262 inquitd

419 4336 441 4405 ¹)
459 4336 499 4390 sic
517 4336 590 4390 enim
609 4354 642 4392 ea
662 4347 733 4407 qnae
755 4338 784 4391 in
802 4335 933 4392 Musllari
956 4337 1135 4392 adnotatione
1160 4337 1256 4392 critica
1279 4337 1413 4407 leguntur
1437 4331 1518 4389 corri-

347 4422 439 4493 genda
457 4437 516 4476 esse
534 4426 651 4492 apparet
669 4424 836 4494 comparatis
854 4423 956 4478 ceteris
974 4422 1151 4477 editionibus.
